<record><header><identifier>oai:alma.41SLSP_UGE:991000001739705502</identifier><datestamp>2023-04-08T00:16:10Z</datestamp><setSpec>uge_bcen_RapidILL_BOOK</setSpec><setSpec>uge_aaca_RapidILL_BOOK</setSpec><setSpec>uge_abels_RapidILL_BOOK</setSpec><setSpec>uge_dbu_RapidILL_BOOK</setSpec><setSpec>uge_cmu_RapidILL_BOOK</setSpec><setSpec>uge_mail_RapidILL_BOOK</setSpec><setSpec>uge_abbat_RapidILL_BOOK</setSpec><setSpec>UNIGE_ALL</setSpec><setSpec>uge_acar_RapidILL_BOOK</setSpec><setSpec>uge_aobs_RapidILL_BOOK</setSpec></header><metadata>
<record xmlns="http://www.loc.gov/MARC21/slim" xmlns:xsi="http://www.w3.org/2001/XMLSchema-instance" xsi:schemaLocation="http://www.loc.gov/MARC21/slim http://www.loc.gov/standards/marcxml/schema/MARC21slim.xsd"><leader>02809nam a2200553 c 4500</leader><controlfield tag="001">991000001739705502</controlfield><controlfield tag="005">20230407175102.0</controlfield><controlfield tag="008">191106s2019    fr            00| | fre d</controlfield><datafield ind1=" " ind2=" " tag="020"><subfield code="a">9782100807215</subfield><subfield code="q">br.</subfield></datafield><datafield ind1=" " ind2=" " tag="035"><subfield code="a">(swissbib)126075743-41slsp_network</subfield></datafield><datafield ind1=" " ind2=" " tag="035"><subfield code="a">126075743</subfield><subfield code="9">ExL</subfield></datafield><datafield ind1=" " ind2=" " tag="035"><subfield code="a">(RERO)R008983048-41slsp</subfield></datafield><datafield ind1=" " ind2=" " tag="035"><subfield code="a">(EXLNZ-41SLSP_NETWORK)991012296049705501</subfield></datafield><datafield ind1=" " ind2=" " tag="040"><subfield code="a">Abes</subfield><subfield code="d">CH-ZuSLS</subfield></datafield><datafield ind1=" " ind2="7" tag="072"><subfield code="a">me</subfield><subfield code="2">rero</subfield></datafield><datafield ind1="0" ind2="4" tag="082"><subfield code="a">616.858 9</subfield><subfield code="2">22</subfield></datafield><datafield ind1="1" ind2=" " tag="100"><subfield code="a">Vera, Louis</subfield><subfield code="d">1977-....</subfield><subfield code="0">(IDREF)109971299</subfield><subfield code="4">aut</subfield></datafield><datafield ind1="1" ind2="0" tag="245"><subfield code="a">TDA/H chez l'enfant et l'adolescent</subfield><subfield code="b">trouble déficit de l'attention/hyperactivité : du diagnostic aux traitements</subfield><subfield code="c">Louis Vera</subfield></datafield><datafield ind1=" " ind2="3" tag="264"><subfield code="a">Paris</subfield><subfield code="b">Dunod</subfield><subfield code="c">2019</subfield></datafield><datafield ind1=" " ind2=" " tag="300"><subfield code="a">292 p.</subfield><subfield code="b">ill.</subfield></datafield><datafield ind1=" " ind2=" " tag="336"><subfield code="b">txt</subfield><subfield code="2">rdacontent</subfield></datafield><datafield ind1=" " ind2=" " tag="337"><subfield code="b">n</subfield><subfield code="2">rdamedia</subfield></datafield><datafield ind1=" " ind2=" " tag="338"><subfield code="b">nc</subfield><subfield code="2">rdacarrier</subfield></datafield><datafield ind1=" " ind2=" " tag="385"><subfield code="a">Harmos1</subfield><subfield code="2">rero</subfield></datafield><datafield ind1=" " ind2=" " tag="385"><subfield code="a">Harmos2</subfield><subfield code="2">rero</subfield></datafield><datafield ind1=" " ind2=" " tag="385"><subfield code="a">Harmos3</subfield><subfield code="2">rero</subfield></datafield><datafield ind1=" " ind2=" " tag="385"><subfield code="a">Harmos4</subfield><subfield code="2">rero</subfield></datafield><datafield ind1=" " ind2=" " tag="385"><subfield code="a">Harmos5</subfield><subfield code="2">rero</subfield></datafield><datafield ind1=" " ind2=" " tag="385"><subfield code="a">Harmos6</subfield><subfield code="2">rero</subfield></datafield><datafield ind1=" " ind2=" " tag="385"><subfield code="a">Harmos7</subfield><subfield code="2">rero</subfield></datafield><datafield ind1=" " ind2=" " tag="385"><subfield code="a">Harmos8</subfield><subfield code="2">rero</subfield></datafield><datafield ind1=" " ind2=" " tag="385"><subfield code="a">Harmos9</subfield><subfield code="2">rero</subfield></datafield><datafield ind1=" " ind2=" " tag="385"><subfield code="a">Harmos10</subfield><subfield code="2">rero</subfield></datafield><datafield ind1=" " ind2=" " tag="385"><subfield code="a">Harmos11</subfield><subfield code="2">rero</subfield></datafield><datafield ind1="0" ind2=" " tag="490"><subfield code="a">Les ateliers du praticien</subfield></datafield><datafield ind1=" " ind2=" " tag="500"><subfield code="a">La couv. porte en plus : Diagnostic et clinique ; Entretien avec les parents et le patient ; Prise en charge globale</subfield></datafield><datafield ind1=" " ind2=" " tag="504"><subfield code="a">Références bibliogr. en fin de certains chapitres. Annexes</subfield></datafield><datafield ind1="8" ind2=" " tag="520"><subfield code="a">Le site de l'éditeur indique : &quot;L'ouvrage traite des étapes conduisant de la suspicion de trouble déficitaire de l'attention avec ou sans hyperactivité à une prise en charge telle qu'elle est recommandée aujourd'hui par l'Evidence Based Medecine (médecine fondée sur les preuves). Le diagnostic est difficile pour les médecins qui n'ont pas une connaissance étendue du trouble, qui touche pourtant au moins 6 à 10% de la population. Les étapes du diagnostic, les pièges à éviter, les comorbidités (notamment le trouble anxieux qui en modifie la perception), les symptômes et enfin les divers traitements sont clairement exposés.&quot;</subfield></datafield><datafield ind1=" " ind2="7" tag="650"><subfield code="a">Trouble déficitaire de l'attention avec ou sans hyperactivité</subfield><subfield code="0">(IDREF)074280120</subfield><subfield code="2">idref</subfield></datafield><datafield ind1=" " ind2="7" tag="650"><subfield code="a">Enfants hyperactifs</subfield><subfield code="0">(IDREF)050594567</subfield><subfield code="2">idref</subfield></datafield><datafield ind1=" " ind2="7" tag="650"><subfield code="a">Intégration scolaire</subfield><subfield code="0">(IDREF)027616908</subfield><subfield code="2">idref</subfield></datafield><datafield ind1=" " ind2="7" tag="650"><subfield code="a">Adolescents</subfield><subfield code="0">(IDREF)027276228</subfield><subfield code="2">idref</subfield></datafield><datafield ind1=" " ind2="7" tag="650"><subfield code="a">Thérapie comportementale</subfield><subfield code="0">(IDREF)027291650</subfield><subfield code="2">idref</subfield></datafield><datafield ind1=" " ind2="7" tag="650"><subfield code="a">Thérapie cognitive</subfield><subfield code="0">(IDREF)027782441</subfield><subfield code="2">idref</subfield></datafield><datafield ind1=" " ind2="7" tag="650"><subfield code="a">Enfants atteints de troubles de l'attention</subfield><subfield code="0">(IDREF)033402396</subfield><subfield code="2">idref</subfield></datafield><datafield ind1=" " ind2="7" tag="650"><subfield code="a">Thérapeutique</subfield><subfield code="0">(IDREF)027589838</subfield><subfield code="2">idref</subfield></datafield><datafield ind1=" " ind2="7" tag="650"><subfield code="a">Psychodiagnostics</subfield><subfield code="0">(IDREF)027872718</subfield><subfield code="2">idref</subfield></datafield><datafield ind1=" " ind2="7" tag="655"><subfield code="a">Manuels d'enseignement (éducation permanente)</subfield><subfield code="0">(IDREF)03020996X</subfield><subfield code="2">idref</subfield></datafield><datafield ind1=" " ind2=" " tag="900"><subfield code="a">REROnoselfmerge</subfield></datafield><datafield ind1=" " ind2=" " tag="910"><subfield code="a">SUDOC</subfield><subfield code="b">20191106</subfield><subfield code="c">Réutilisation sous conditions: Licence ouverte Etalab</subfield></datafield></record>
</metadata></record>