<record><header><identifier>oai:alma.41SLSP_UGE:991000001529705502</identifier><datestamp>2023-07-22T00:18:43Z</datestamp><setSpec>uge_bcen_RapidILL_BOOK</setSpec><setSpec>uge_aaca_RapidILL_BOOK</setSpec><setSpec>uge_abels_RapidILL_BOOK</setSpec><setSpec>uge_dbu_RapidILL_BOOK</setSpec><setSpec>uge_cmu_RapidILL_BOOK</setSpec><setSpec>uge_mail_RapidILL_BOOK</setSpec><setSpec>uge_abbat_RapidILL_BOOK</setSpec><setSpec>UNIGE_ALL</setSpec><setSpec>uge_aobs_RapidILL_BOOK</setSpec><setSpec>uge_acar_RapidILL_BOOK</setSpec></header><metadata>
<record xmlns="http://www.loc.gov/MARC21/slim" xmlns:xsi="http://www.w3.org/2001/XMLSchema-instance" xsi:schemaLocation="http://www.loc.gov/MARC21/slim http://www.loc.gov/standards/marcxml/schema/MARC21slim.xsd"><leader>01898nam a2200445 c 4500</leader><controlfield tag="001">991000001529705502</controlfield><controlfield tag="005">20230720184909.0</controlfield><controlfield tag="008">160323s2016    fr ||||| |||| 00| ||fre d</controlfield><datafield ind1=" " ind2=" " tag="020"><subfield code="a">9782251381329</subfield></datafield><datafield ind1=" " ind2=" " tag="035"><subfield code="a">(swissbib)122747593-41slsp_network</subfield></datafield><datafield ind1=" " ind2=" " tag="035"><subfield code="a">122747593</subfield><subfield code="9">ExL</subfield></datafield><datafield ind1=" " ind2=" " tag="035"><subfield code="a">(RERO)R008395112-41slsp</subfield></datafield><datafield ind1=" " ind2=" " tag="035"><subfield code="a">(EXLNZ-41SLSP_NETWORK)991057023449705501</subfield></datafield><datafield ind1=" " ind2=" " tag="040"><subfield code="a">RERO nebpun</subfield><subfield code="d">CH-ZuSLS</subfield></datafield><datafield ind1="1" ind2=" " tag="041"><subfield code="a">fre</subfield><subfield code="h">ita</subfield></datafield><datafield ind1=" " ind2="7" tag="072"><subfield code="a">ph</subfield><subfield code="2">rero</subfield></datafield><datafield ind1=" " ind2="7" tag="072"><subfield code="a">th</subfield><subfield code="2">rero</subfield></datafield><datafield ind1="1" ind2=" " tag="100"><subfield code="a">Briguglia, Gianluca</subfield><subfield code="d">1970-....</subfield><subfield code="0">(IDREF)074208144</subfield><subfield code="4">cre</subfield></datafield><datafield ind1="1" ind2="0" tag="245"><subfield code="a">&lt;&lt;Le&gt;&gt; pouvoir mis à la question</subfield><subfield code="b">théologiens et théorie politique à l'époque du conflit entre Boniface VIII et Philippe le Bel</subfield><subfield code="c">Gianluca Briguglia ; traduit de l'italien par par Marilène Raiola</subfield></datafield><datafield ind1=" " ind2="1" tag="264"><subfield code="a">Paris</subfield><subfield code="b">Les Belles Lettres</subfield><subfield code="c">2016</subfield></datafield><datafield ind1=" " ind2=" " tag="300"><subfield code="a">224 pages</subfield><subfield code="b">illustrations</subfield></datafield><datafield ind1=" " ind2=" " tag="336"><subfield code="b">txt</subfield><subfield code="2">rdacontent</subfield></datafield><datafield ind1=" " ind2=" " tag="337"><subfield code="b">n</subfield><subfield code="2">rdamedia</subfield></datafield><datafield ind1=" " ind2=" " tag="338"><subfield code="b">nc</subfield><subfield code="2">rdacarrier</subfield></datafield><datafield ind1="1" ind2=" " tag="490"><subfield code="a">Histoire</subfield><subfield code="v">132</subfield></datafield><datafield ind1=" " ind2=" " tag="500"><subfield code="a">Titre original: La questione del potere : teologi et teoria politica nella disputa tra Bonifacio VIII e Filippo il Bello</subfield></datafield><datafield ind1=" " ind2=" " tag="504"><subfield code="a">Bibliographie: pages [197]-224</subfield></datafield><datafield ind1=" " ind2=" " tag="504"><subfield code="a">Index.</subfield></datafield><datafield ind1="0" ind2="7" tag="600"><subfield code="a">Godefroid</subfield><subfield code="c">(de Fontaines)</subfield><subfield code="0">(RERO)A010089703</subfield><subfield code="2">rero</subfield></datafield><datafield ind1="0" ind2="7" tag="600"><subfield code="a">Jacques</subfield><subfield code="c">(de Viterbe)</subfield><subfield code="0">(RERO)A013213278</subfield><subfield code="2">rero</subfield></datafield><datafield ind1="0" ind2="7" tag="600"><subfield code="a">Jean</subfield><subfield code="c">(de Paris)</subfield><subfield code="0">(RERO)A010000285</subfield><subfield code="2">rero</subfield></datafield><datafield ind1="0" ind2="7" tag="600"><subfield code="a">Gilles de Rome</subfield><subfield code="d">1247?-1316</subfield><subfield code="0">(IDREF)028176685</subfield><subfield code="2">idref</subfield></datafield><datafield ind1=" " ind2="7" tag="650"><subfield code="a">Pouvoir (théologie chrétienne)</subfield><subfield code="0">(IDREF)027416615</subfield><subfield code="2">idref</subfield></datafield><datafield ind1=" " ind2="7" tag="650"><subfield code="a">Théologie politique</subfield><subfield code="0">(IDREF)027366499</subfield><subfield code="2">idref</subfield></datafield><datafield ind1=" " ind2="7" tag="650"><subfield code="a">Idées politiques</subfield><subfield code="0">(IDREF)027261891</subfield><subfield code="2">idref</subfield></datafield><datafield ind1=" " ind2="7" tag="650"><subfield code="a">Controverses religieuses</subfield><subfield code="0">(IDREF)027661091</subfield><subfield code="2">idref</subfield></datafield><datafield ind1=" " ind2="7" tag="650"><subfield code="a">Théologiens</subfield><subfield code="0">(IDREF)027412164</subfield><subfield code="2">idref</subfield></datafield><datafield ind1=" " ind2="7" tag="650"><subfield code="a">13e siècle (fin)-14e siècle (début)</subfield><subfield code="0">(RERO)A023227092</subfield><subfield code="2">rero</subfield></datafield><datafield ind1="1" ind2=" " tag="700"><subfield code="a">Raiola, Marilène</subfield><subfield code="0">(IDREF)029112370</subfield></datafield><datafield ind1=" " ind2=" " tag="830"><subfield code="a">Histoire</subfield><subfield code="p">Belles Lettres</subfield><subfield code="v">132</subfield><subfield code="w">(RERO)1125517-41slsp</subfield></datafield><datafield ind1=" " ind2=" " tag="900"><subfield code="a">REROnoselfmerge</subfield></datafield></record>
</metadata></record>