<record><header><identifier>oai:alma.41SLSP_UGE:991000002049705502</identifier><datestamp>2023-03-01T01:09:00Z</datestamp><setSpec>uge_bcen_RapidILL_BOOK</setSpec><setSpec>uge_aaca_RapidILL_BOOK</setSpec><setSpec>uge_abels_RapidILL_BOOK</setSpec><setSpec>uge_dbu_RapidILL_BOOK</setSpec><setSpec>uge_cmu_RapidILL_BOOK</setSpec><setSpec>uge_mail_RapidILL_BOOK</setSpec><setSpec>UNIGE_ALL</setSpec><setSpec>uge_abbat_RapidILL_BOOK</setSpec><setSpec>uge_aobs_RapidILL_BOOK</setSpec><setSpec>uge_acar_RapidILL_BOOK</setSpec></header><metadata>
<record xmlns="http://www.loc.gov/MARC21/slim" xmlns:xsi="http://www.w3.org/2001/XMLSchema-instance" xsi:schemaLocation="http://www.loc.gov/MARC21/slim http://www.loc.gov/standards/marcxml/schema/MARC21slim.xsd"><leader>01918nam a2200397 c 4500</leader><controlfield tag="001">991000002049705502</controlfield><controlfield tag="005">20230130191619.0</controlfield><controlfield tag="008">201012s1973    gw ||||| |||| 00| ||ger d</controlfield><datafield ind1=" " ind2=" " tag="035"><subfield code="a">(swissbib)233055703-41slsp_network</subfield></datafield><datafield ind1=" " ind2=" " tag="035"><subfield code="a">233055703</subfield><subfield code="9">ExL</subfield></datafield><datafield ind1=" " ind2=" " tag="035"><subfield code="a">(RERO)1267460-41slsp</subfield></datafield><datafield ind1=" " ind2=" " tag="035"><subfield code="a">(IDSBB)000667870DSV01</subfield></datafield><datafield ind1=" " ind2=" " tag="035"><subfield code="a">(EXLNZ-41SLSP_NETWORK)991029590289705501</subfield></datafield><datafield ind1=" " ind2=" " tag="040"><subfield code="a">RERO geudbu</subfield><subfield code="d">CH-ZuSLS</subfield></datafield><datafield ind1=" " ind2="7" tag="072"><subfield code="a">ur</subfield><subfield code="2">rero</subfield></datafield><datafield ind1=" " ind2="7" tag="072"><subfield code="a">kh</subfield><subfield code="2">SzZuIDS BS/BE</subfield></datafield><datafield ind1="1" ind2=" " tag="100"><subfield code="a">Konerding, Volker</subfield><subfield code="6">880-01</subfield></datafield><datafield ind1="1" ind2=" " tag="880"><subfield code="a">Konerding, Volker</subfield><subfield code="0">(RERO)A003467032</subfield><subfield code="6">100-01</subfield></datafield><datafield ind1="1" ind2="0" tag="245"><subfield code="a">Untersuchung von Stadtkernsanierungen in Frankreich</subfield><subfield code="c">Mitarb. V. Konerding, E. Schirmacher, W. Schneider ; Deutsche Unesco-Kommission, Arbeitskreis &quot;Historische Stadtkerne&quot;</subfield></datafield><datafield ind1="1" ind2=" " tag="246"><subfield code="a">Untersuchung ausländischer Stadtkernsanierungen</subfield></datafield><datafield ind1="1" ind2=" " tag="246"><subfield code="a">Frankreich, Untersuchung von Satdtkernsanierungen in fünf Städten</subfield></datafield><datafield ind1=" " ind2="1" tag="264"><subfield code="a">Darmstadt</subfield><subfield code="b">Deutsche Unesco Kommission</subfield><subfield code="c">1973</subfield></datafield><datafield ind1=" " ind2=" " tag="300"><subfield code="a">113 p.</subfield><subfield code="b">ill.</subfield><subfield code="c">30 cm</subfield></datafield><datafield ind1=" " ind2=" " tag="336"><subfield code="b">txt</subfield><subfield code="2">rdacontent</subfield></datafield><datafield ind1=" " ind2=" " tag="337"><subfield code="b">n</subfield><subfield code="2">rdamedia</subfield></datafield><datafield ind1=" " ind2=" " tag="338"><subfield code="b">nc</subfield><subfield code="2">rdacarrier</subfield></datafield><datafield ind1=" " ind2=" " tag="500"><subfield code="a">La p. de couv. porte un titre différent : &quot;Frankreich : Untersuchung von Stadtkernsanierungen in fünf Städten&quot;</subfield></datafield><datafield ind1=" " ind2=" " tag="500"><subfield code="a">La p. de titre porte également : Forschungsvorhaben : Untersuchung ausländischer Stadtkernsanierungen</subfield></datafield><datafield ind1=" " ind2=" " tag="500"><subfield code="a">Le document présent est présenté comme &quot;1. Phase Hauptstudie&quot;</subfield></datafield><datafield ind1=" " ind2=" " tag="500"><subfield code="a">Deutsche UNESCO Komission. Arbeitskreis &quot;Historische Stadtkerne&quot;. Forschungsvorhaben : Untersuchung ausländischer Stadtkersanierungen</subfield></datafield><datafield ind1=" " ind2="7" tag="650"><subfield code="a">assainissement foncier urbain</subfield><subfield code="0">(RERO)A009962395</subfield><subfield code="2">rerovoc</subfield></datafield><datafield ind1=" " ind2="7" tag="650"><subfield code="a">Urbanisme</subfield><subfield code="0">(IDREF)027254925</subfield><subfield code="2">idref</subfield></datafield><datafield ind1=" " ind2="7" tag="651"><subfield code="a">France</subfield><subfield code="0">(IDREF)027226794</subfield><subfield code="2">idref</subfield></datafield><datafield ind1="1" ind2=" " tag="700"><subfield code="a">Schirmacher, Ernst</subfield></datafield><datafield ind1="1" ind2=" " tag="700"><subfield code="a">Schneider, Waldemar</subfield></datafield><datafield ind1="2" ind2=" " tag="710"><subfield code="a">Deutschland (Bundesrepublik)</subfield><subfield code="b">Deutsche UNESCO-Kommission</subfield><subfield code="b">Arbeitskreis &quot;Historische Stadtkerne&quot;</subfield><subfield code="0">(RERO)A003175511</subfield></datafield><datafield ind1=" " ind2=" " tag="900"><subfield code="a">REROnoselfmerge</subfield></datafield></record>
</metadata></record>