<record><header><identifier>oai:alma.41SLSP_UGE:991000001319705502</identifier><datestamp>2023-11-24T01:23:35Z</datestamp><setSpec>uge_bcen_RapidILL_BOOK</setSpec><setSpec>uge_aaca_RapidILL_BOOK</setSpec><setSpec>uge_abels_RapidILL_BOOK</setSpec><setSpec>uge_dbu_RapidILL_BOOK</setSpec><setSpec>uge_cmu_RapidILL_BOOK</setSpec><setSpec>uge_mail_RapidILL_BOOK</setSpec><setSpec>uge_abbat_RapidILL_BOOK</setSpec><setSpec>UNIGE_ALL</setSpec><setSpec>uge_acar_RapidILL_BOOK</setSpec><setSpec>uge_aobs_RapidILL_BOOK</setSpec></header><metadata>
<record xmlns="http://www.loc.gov/MARC21/slim" xmlns:xsi="http://www.w3.org/2001/XMLSchema-instance" xsi:schemaLocation="http://www.loc.gov/MARC21/slim http://www.loc.gov/standards/marcxml/schema/MARC21slim.xsd"><leader>01503naa a2200337 c 4500</leader><controlfield tag="001">991000001319705502</controlfield><controlfield tag="005">20230629194411.0</controlfield><controlfield tag="008">081112s2008    sz ||||| |||| 00| ||ger d</controlfield><datafield ind1=" " ind2=" " tag="035"><subfield code="a">(swissbib)107347679-41slsp_network</subfield></datafield><datafield ind1=" " ind2=" " tag="035"><subfield code="a">107347679</subfield><subfield code="9">ExL</subfield></datafield><datafield ind1=" " ind2=" " tag="035"><subfield code="a">(RERO)R004862043-41slsp</subfield></datafield><datafield ind1=" " ind2=" " tag="035"><subfield code="a">(ALEX)bv001391215</subfield></datafield><datafield ind1=" " ind2=" " tag="035"><subfield code="a">(EXLNZ-41SLSP_NETWORK)991036551019705501</subfield></datafield><datafield ind1=" " ind2=" " tag="040"><subfield code="a">RERO labcue</subfield><subfield code="d">CH-ZuSLS</subfield></datafield><datafield ind1=" " ind2=" " tag="044"><subfield code="a">sz</subfield><subfield code="c">ch-zh</subfield></datafield><datafield ind1=" " ind2="7" tag="072"><subfield code="a">dr</subfield><subfield code="2">rero</subfield></datafield><datafield ind1=" " ind2=" " tag="084"><subfield code="a">CA/CH 73.2 i</subfield><subfield code="2">cjurrom</subfield></datafield><datafield ind1="1" ind2=" " tag="100"><subfield code="a">Montini, Marino</subfield><subfield code="d">1971-....</subfield><subfield code="0">(IDREF)253656303</subfield><subfield code="4">cre</subfield></datafield><datafield ind1="1" ind2="0" tag="245"><subfield code="a">&lt;&lt;Die&gt;&gt; Untermiete</subfield><subfield code="b">unterlassene Kündigung des Hauptmieters : Folgen nach Art 273b OR</subfield><subfield code="c">Marino Montini und Carole Wahlen</subfield></datafield><datafield ind1=" " ind2=" " tag="336"><subfield code="b">txt</subfield><subfield code="2">rdacontent</subfield></datafield><datafield ind1=" " ind2=" " tag="337"><subfield code="b">n</subfield><subfield code="2">rdamedia</subfield></datafield><datafield ind1=" " ind2=" " tag="338"><subfield code="b">nc</subfield><subfield code="2">rdacarrier</subfield></datafield><datafield ind1=" " ind2=" " tag="580"><subfield code="a">In: Mietrechtspraxis. - Zürich. - 2008, 3, p. 147-161</subfield></datafield><datafield ind1=" " ind2="7" tag="650"><subfield code="a">Miete</subfield><subfield code="9">ger</subfield><subfield code="0">(RERO)jurivoc000014979ger</subfield><subfield code="2">jurivoc</subfield></datafield><datafield ind1=" " ind2="7" tag="650"><subfield code="a">Mieterschutz</subfield><subfield code="9">ger</subfield><subfield code="0">(RERO)jurivoc000014984ger</subfield><subfield code="2">jurivoc</subfield></datafield><datafield ind1=" " ind2="7" tag="650"><subfield code="a">Kündigungsschutz</subfield><subfield code="9">ger</subfield><subfield code="0">(RERO)jurivoc000013728ger</subfield><subfield code="2">jurivoc</subfield></datafield><datafield ind1=" " ind2="7" tag="650"><subfield code="a">Untermiete</subfield><subfield code="9">ger</subfield><subfield code="0">(RERO)jurivoc000023857ger</subfield><subfield code="2">jurivoc</subfield></datafield><datafield ind1=" " ind2="7" tag="650"><subfield code="a">Unterlassung</subfield><subfield code="9">ger</subfield><subfield code="0">(RERO)jurivoc000023847ger</subfield><subfield code="2">jurivoc</subfield></datafield><datafield ind1=" " ind2="7" tag="650"><subfield code="a">Kündigung</subfield><subfield code="9">ger</subfield><subfield code="0">(RERO)jurivoc000013724ger</subfield><subfield code="2">jurivoc</subfield></datafield><datafield ind1=" " ind2="7" tag="650"><subfield code="a">Hauptmiete</subfield><subfield code="9">ger</subfield><subfield code="0">(RERO)jurivoc000010898ger</subfield><subfield code="2">jurivoc</subfield></datafield><datafield ind1=" " ind2="7" tag="651"><subfield code="a">Schweiz</subfield><subfield code="9">ger</subfield><subfield code="0">(RERO)jurivoc000019912ger</subfield><subfield code="2">jurivoc</subfield></datafield><datafield ind1="1" ind2=" " tag="700"><subfield code="a">Wahlen, Carole</subfield><subfield code="0">(RERO)A014244362</subfield></datafield><datafield ind1="0" ind2=" " tag="773"><subfield code="t">Mietrechtspraxis : Zeitschrift für schweizerisches Mietrecht : mp</subfield><subfield code="g">2008/147</subfield><subfield code="g">yr:2008</subfield><subfield code="w">(RERO)0871810-41slsp</subfield></datafield></record>
</metadata></record>