<record><header><identifier>oai:alma.41SLSP_UGE:991000001629705502</identifier><datestamp>2024-04-11T00:26:48Z</datestamp><setSpec>uge_bcen_RapidILL_BOOK</setSpec><setSpec>uge_aaca_RapidILL_BOOK</setSpec><setSpec>uge_abels_RapidILL_BOOK</setSpec><setSpec>uge_dbu_RapidILL_BOOK</setSpec><setSpec>uge_cmu_RapidILL_BOOK</setSpec><setSpec>uge_mail_RapidILL_BOOK</setSpec><setSpec>uge_abbat_RapidILL_BOOK</setSpec><setSpec>UNIGE_ALL</setSpec><setSpec>uge_aobs_RapidILL_BOOK</setSpec><setSpec>uge_acar_RapidILL_BOOK</setSpec></header><metadata>
<record xmlns="http://www.loc.gov/MARC21/slim" xmlns:xsi="http://www.w3.org/2001/XMLSchema-instance" xsi:schemaLocation="http://www.loc.gov/MARC21/slim http://www.loc.gov/standards/marcxml/schema/MARC21slim.xsd"><leader>04917nam a2200973 c 4500</leader><controlfield tag="001">991000001629705502</controlfield><controlfield tag="005">20240410141818.0</controlfield><controlfield tag="008">201011s2018    xxk||||| |||| 00| ||eng d</controlfield><datafield ind1=" " ind2=" " tag="010"><subfield code="a">2017958193</subfield></datafield><datafield ind1=" " ind2=" " tag="020"><subfield code="a">0198817614</subfield></datafield><datafield ind1=" " ind2=" " tag="020"><subfield code="a">9780198817611</subfield><subfield code="c">GBP 63.20 (MIL Preis)</subfield></datafield><datafield ind1=" " ind2=" " tag="035"><subfield code="a">(swissbib)232131619-41slsp_network</subfield></datafield><datafield ind1=" " ind2=" " tag="035"><subfield code="a">232131619</subfield><subfield code="9">ExL</subfield></datafield><datafield ind1=" " ind2=" " tag="035"><subfield code="a">(RERO)R008755703-41slsp</subfield></datafield><datafield ind1=" " ind2=" " tag="035"><subfield code="a">(IDSSG)000990734HSB01</subfield></datafield><datafield ind1=" " ind2=" " tag="035"><subfield code="a">(IDSBB)006801930DSV01</subfield></datafield><datafield ind1=" " ind2=" " tag="035"><subfield code="a">(NEBIS)011057186EBI01</subfield></datafield><datafield ind1=" " ind2=" " tag="035"><subfield code="a">(IDSLU)001298563ILU01</subfield></datafield><datafield ind1=" " ind2=" " tag="035"><subfield code="a">(OCoLC)1001545134</subfield></datafield><datafield ind1=" " ind2=" " tag="035"><subfield code="a">(ALEX)bv9925924006101791</subfield></datafield><datafield ind1=" " ind2=" " tag="035"><subfield code="a">(EXLNZ-41SLSP_NETWORK)991059848039705501</subfield></datafield><datafield ind1=" " ind2=" " tag="040"><subfield code="a">DLC</subfield><subfield code="b">eng</subfield><subfield code="e">rda</subfield><subfield code="d">CH-ZuSLS</subfield></datafield><datafield ind1=" " ind2="4" tag="050"><subfield code="a">K4610</subfield><subfield code="b">.K46 2018</subfield></datafield><datafield ind1=" " ind2="4" tag="050"><subfield code="a">HB1-130</subfield></datafield><datafield ind1=" " ind2="7" tag="072"><subfield code="a">se</subfield><subfield code="2">rero</subfield></datafield><datafield ind1=" " ind2="7" tag="072"><subfield code="a">dr</subfield><subfield code="2">rero</subfield></datafield><datafield ind1=" " ind2="7" tag="072"><subfield code="a">811</subfield><subfield code="2">IDS LU</subfield></datafield><datafield ind1="0" ind2="4" tag="082"><subfield code="a">382.92</subfield><subfield code="2">23</subfield></datafield><datafield ind1="0" ind2="4" tag="082"><subfield code="a">382.9</subfield><subfield code="2">22</subfield></datafield><datafield ind1="0" ind2="4" tag="082"><subfield code="a">330</subfield></datafield><datafield ind1="1" ind2="4" tag="082"><subfield code="a">340</subfield><subfield code="2">15</subfield></datafield><datafield ind1="1" ind2="4" tag="082"><subfield code="a">330</subfield><subfield code="2">15</subfield></datafield><datafield ind1=" " ind2=" " tag="084"><subfield code="a">D 26 h</subfield><subfield code="2">cjurrom</subfield></datafield><datafield ind1=" " ind2=" " tag="084"><subfield code="a">D 21.2 h</subfield><subfield code="2">cjurrom</subfield></datafield><datafield ind1=" " ind2=" " tag="084"><subfield code="a">QM 230</subfield><subfield code="2">rvk</subfield></datafield><datafield ind1="1" ind2=" " tag="100"><subfield code="a">Kende, Mathias</subfield><subfield code="0">(RERO)A027409694</subfield><subfield code="4">cre</subfield></datafield><datafield ind1="1" ind2="0" tag="245"><subfield code="a">&lt;&lt;The&gt;&gt; trade policy review mechanism</subfield><subfield code="b">a critical analysis</subfield><subfield code="c">Mathias Kende</subfield></datafield><datafield ind1=" " ind2=" " tag="250"><subfield code="a">First edition</subfield></datafield><datafield ind1=" " ind2="1" tag="264"><subfield code="a">Oxford</subfield><subfield code="a">New York, NY</subfield><subfield code="b">Oxford University Press</subfield><subfield code="c">2018</subfield></datafield><datafield ind1=" " ind2=" " tag="300"><subfield code="a">XXII, 359 Seiten</subfield><subfield code="b">Illustrationen</subfield></datafield><datafield ind1=" " ind2=" " tag="336"><subfield code="b">txt</subfield><subfield code="2">rdacontent</subfield></datafield><datafield ind1=" " ind2=" " tag="337"><subfield code="b">n</subfield><subfield code="2">rdamedia</subfield></datafield><datafield ind1=" " ind2=" " tag="338"><subfield code="b">nc</subfield><subfield code="2">rdacarrier</subfield></datafield><datafield ind1="0" ind2=" " tag="490"><subfield code="a">International economic law</subfield></datafield><datafield ind1=" " ind2=" " tag="500"><subfield code="a">Based on the author's thesis : Law Thesis Univ. Bern, 2016</subfield></datafield><datafield ind1=" " ind2=" " tag="502"><subfield code="b">Dissertation</subfield><subfield code="c">Universität Bern</subfield><subfield code="d">2016</subfield></datafield><datafield ind1=" " ind2=" " tag="504"><subfield code="a">Index.</subfield></datafield><datafield ind1=" " ind2=" " tag="504"><subfield code="a">Includes bibliographical references (pages [313]-348) and index</subfield></datafield><datafield ind1="8" ind2=" " tag="520"><subfield code="a">An insight into the work of the WTO's Trade Policy Review Mechanism, this book examines its findings, its evolution, and proposed modifications, to conclude that it could, and should, do better</subfield></datafield><datafield ind1="2" ind2="7" tag="610"><subfield code="a">Organisation mondiale du commerce</subfield><subfield code="0">(IDREF)032375824</subfield><subfield code="2">idref</subfield></datafield><datafield ind1="2" ind2="0" tag="610"><subfield code="a">World Trade Organization</subfield><subfield code="b">Trade Policy Review Body</subfield></datafield><datafield ind1="2" ind2="7" tag="610"><subfield code="a">World Trade Organization</subfield><subfield code="0">(DE-588)2145784-0</subfield><subfield code="2">gnd</subfield></datafield><datafield ind1=" " ind2="7" tag="650"><subfield code="a">WTO</subfield><subfield code="9">ger</subfield><subfield code="0">(RERO)jurivoc000026871ger</subfield><subfield code="2">jurivoc</subfield></datafield><datafield ind1=" " ind2="7" tag="650"><subfield code="a">internationales Wirtschaftsrecht</subfield><subfield code="9">ger</subfield><subfield code="0">(RERO)jurivoc000011997ger</subfield><subfield code="2">jurivoc</subfield></datafield><datafield ind1=" " ind2="7" tag="650"><subfield code="a">Aussenhandel</subfield><subfield code="9">ger</subfield><subfield code="0">(RERO)jurivoc000002383ger</subfield><subfield code="2">jurivoc</subfield></datafield><datafield ind1=" " ind2="7" tag="650"><subfield code="a">Wirtschaftspolitik</subfield><subfield code="9">ger</subfield><subfield code="0">(RERO)jurivoc000026720ger</subfield><subfield code="2">jurivoc</subfield></datafield><datafield ind1=" " ind2="7" tag="650"><subfield code="a">Tarifizierung(WTO)</subfield><subfield code="9">ger</subfield><subfield code="0">(RERO)jurivoc000022172ger</subfield><subfield code="2">jurivoc</subfield></datafield><datafield ind1=" " ind2="7" tag="650"><subfield code="a">Überwachung(allgemein)</subfield><subfield code="9">ger</subfield><subfield code="0">(RERO)jurivoc000023241ger</subfield><subfield code="2">jurivoc</subfield></datafield><datafield ind1=" " ind2="7" tag="650"><subfield code="a">Droit international économique</subfield><subfield code="0">(IDREF)028715411</subfield><subfield code="2">idref</subfield></datafield><datafield ind1=" " ind2="7" tag="650"><subfield code="a">Commerce international</subfield><subfield code="0">(IDREF)028359380</subfield><subfield code="2">idref</subfield></datafield><datafield ind1=" " ind2="7" tag="650"><subfield code="a">Politique commerciale</subfield><subfield code="0">(IDREF)027819124</subfield><subfield code="2">idref</subfield></datafield><datafield ind1=" " ind2="7" tag="650"><subfield code="a">Tarifs</subfield><subfield code="0">(IDREF)027793524</subfield><subfield code="2">idref</subfield></datafield><datafield ind1=" " ind2="7" tag="650"><subfield code="a">Protektionismus</subfield><subfield code="0">(DE-588)4127791-0</subfield><subfield code="2">gnd</subfield></datafield><datafield ind1=" " ind2="7" tag="650"><subfield code="a">Handelspolitik</subfield><subfield code="0">(DE-588)4023248-7</subfield><subfield code="2">gnd</subfield></datafield><datafield ind1=" " ind2="7" tag="650"><subfield code="a">Internationales Handelsrecht</subfield><subfield code="0">(DE-588)4027429-9</subfield><subfield code="2">gnd</subfield></datafield><datafield ind1=" " ind2="7" tag="650"><subfield code="a">Regulierung</subfield><subfield code="0">(DE-588)4201190-5</subfield><subfield code="2">gnd</subfield></datafield><datafield ind1=" " ind2="7" tag="650"><subfield code="a">Welthandel</subfield><subfield code="0">(DE-588)4065365-1</subfield><subfield code="2">gnd</subfield></datafield><datafield ind1=" " ind2="0" tag="650"><subfield code="a">Foreign trade regulation</subfield></datafield><datafield ind1=" " ind2="0" tag="650"><subfield code="a">International trade</subfield></datafield><datafield ind1=" " ind2="7" tag="650"><subfield code="a">Handelsrecht</subfield><subfield code="0">(DE-588)4023249-9</subfield><subfield code="2">gnd</subfield></datafield><datafield ind1=" " ind2="7" tag="655"><subfield code="a">Thèses et écrits académiques</subfield><subfield code="0">(IDREF)027253139</subfield><subfield code="2">idref</subfield></datafield><datafield ind1=" " ind2="7" tag="655"><subfield code="a">Hochschulschrift</subfield><subfield code="2">gnd-content</subfield></datafield><datafield ind1=" " ind2=" " tag="690"><subfield code="a">Kontrolle; Mechanismus; Bewertung; Analyse; Funktionsweise; Handelspolitik; Instrument; Element</subfield><subfield code="2">idssg-J</subfield></datafield><datafield ind1=" " ind2=" " tag="690"><subfield code="a">Überprüfungsmechanismus; Gesetzestext; Kernelement; Literaturverzeichnis; Strukturelement; Universitätspresse; Berichtspflicht; Inhaltsübersicht; Januaroktober; Januarseptember; Julinovember; Julioktober; Maijuli; Regierungsvertretung; Schlussfolgerunge; Teilnahme</subfield><subfield code="2">idssg-J</subfield></datafield><datafield ind1=" " ind2=" " tag="690"><subfield code="a">drittes Element; historische Entwicklung; viertes Element; zweites Element; begriffener Mechanismus; dritte Bewertung; erste Bewertung; erstes Strukturelement; formelle Überprüfung; fünfte Bewertung; internationales Instrument; konzeptionelle Entwicklung; kritische Analyse; strukturelles Element; tatsächliche Einstellung; theoretisches Kernelement; vierte Bewertung; zweite Bewertung</subfield><subfield code="2">idssg-J</subfield></datafield><datafield ind1=" " ind2=" " tag="690"><subfield code="a">Großbritannien C4EUUK</subfield><subfield code="2">idssg-J</subfield></datafield><datafield ind1=" " ind2=" " tag="690"><subfield code="a">Element Berichtspflichten Struktur; Handelspolitik Mechanismus JuliNovember; Handelspolitik Mechanismus MaiJuli; Mathias Kende; Peer Review</subfield><subfield code="2">idssg-J</subfield></datafield><datafield ind1=" " ind2=" " tag="691"><subfield code="e">PD 26</subfield><subfield code="2">rzs-L1</subfield></datafield><datafield ind1="0" ind2=" " tag="776"><subfield code="i">Online-Ausgabe</subfield><subfield code="w">(IDSSG)001000316HSB01</subfield></datafield><datafield ind1="4" ind2=" " tag="856"><subfield code="3">Titelblatt und Inhaltsverzeichnis</subfield><subfield code="u">https://toc.library.ethz.ch/objects/pdf03/z01_978-0-19-881761-1_01.pdf</subfield><subfield code="q">pdf</subfield></datafield><datafield ind1=" " ind2=" " tag="900"><subfield code="a">Stoppsignal FRED</subfield><subfield code="x">07.06.2018</subfield></datafield><datafield ind1=" " ind2=" " tag="900"><subfield code="a">IDSE5E51ANH-2018</subfield></datafield><datafield ind1=" " ind2=" " tag="900"><subfield code="a">IDSZ2zbzmon201805l</subfield><subfield code="c">IDSZ2tres</subfield><subfield code="d">IDSZ2zbzswk201806g</subfield><subfield code="e">IDSZ2bruu</subfield></datafield><datafield ind1=" " ind2=" " tag="900"><subfield code="a">IDSZ2rwidis201808l</subfield><subfield code="c">IDSZ2biss</subfield><subfield code="d">IDSZ2rwiswk201808g</subfield><subfield code="e">IDSZ2basc</subfield><subfield code="x">b</subfield></datafield><datafield ind1=" " ind2=" " tag="949"><subfield code="a">https://toc.library.ethz.ch/objects/pdf03/z01_978-0-19-881761-1_01.pdf</subfield></datafield></record>
</metadata></record>