<record><header><identifier>oai:alma.41SLSP_UGE:991000001959705502</identifier><datestamp>2023-11-28T01:20:07Z</datestamp><setSpec>uge_bcen_RapidILL_BOOK</setSpec><setSpec>uge_aaca_RapidILL_BOOK</setSpec><setSpec>uge_abels_RapidILL_BOOK</setSpec><setSpec>uge_dbu_RapidILL_BOOK</setSpec><setSpec>uge_cmu_RapidILL_BOOK</setSpec><setSpec>uge_mail_RapidILL_BOOK</setSpec><setSpec>uge_abbat_RapidILL_BOOK</setSpec><setSpec>UNIGE_ALL</setSpec><setSpec>uge_acar_RapidILL_BOOK</setSpec><setSpec>uge_aobs_RapidILL_BOOK</setSpec></header><metadata>
<record xmlns="http://www.loc.gov/MARC21/slim" xmlns:xsi="http://www.w3.org/2001/XMLSchema-instance" xsi:schemaLocation="http://www.loc.gov/MARC21/slim http://www.loc.gov/standards/marcxml/schema/MARC21slim.xsd"><leader>01632naa a2200325 c 4500</leader><controlfield tag="001">991000001959705502</controlfield><controlfield tag="005">20230629190457.0</controlfield><controlfield tag="008">201011s1990    sz ||||| |||| 00| ||ger d</controlfield><datafield ind1=" " ind2=" " tag="019"><subfield code="a">Konvertierte Aufnahme MfK/PTT</subfield><subfield code="5">IDSBB/B429/2011</subfield></datafield><datafield ind1=" " ind2=" " tag="035"><subfield code="a">(swissbib)212979272-41slsp_network</subfield></datafield><datafield ind1=" " ind2=" " tag="035"><subfield code="a">212979272</subfield><subfield code="9">ExL</subfield></datafield><datafield ind1=" " ind2=" " tag="035"><subfield code="a">(RERO)1239572-41slsp</subfield></datafield><datafield ind1=" " ind2=" " tag="035"><subfield code="a">(IDSBB)005893982DSV01</subfield></datafield><datafield ind1=" " ind2=" " tag="035"><subfield code="a">(ALEX)bv01066466</subfield></datafield><datafield ind1=" " ind2=" " tag="035"><subfield code="a">(EXLNZ-41SLSP_NETWORK)991067229189705501</subfield></datafield><datafield ind1=" " ind2=" " tag="040"><subfield code="a">RERO geubfd</subfield><subfield code="d">CH-ZuSLS</subfield></datafield><datafield ind1=" " ind2=" " tag="044"><subfield code="a">sz</subfield><subfield code="c">ch-be</subfield></datafield><datafield ind1=" " ind2="7" tag="072"><subfield code="a">dr</subfield><subfield code="2">rero</subfield></datafield><datafield ind1=" " ind2=" " tag="084"><subfield code="a">CA/CH 57 i</subfield><subfield code="2">cjurrom</subfield></datafield><datafield ind1=" " ind2=" " tag="084"><subfield code="a">CA/CH 56 i</subfield><subfield code="2">cjurrom</subfield></datafield><datafield ind1="1" ind2=" " tag="100"><subfield code="6">880-01</subfield><subfield code="a">Tschudi, Hans Peter</subfield><subfield code="d">1913-2002</subfield><subfield code="0">(IDREF)256921024</subfield><subfield code="4">cre</subfield></datafield><datafield ind1="1" ind2=" " tag="880"><subfield code="a">Tschudi, Hans-Peter</subfield><subfield code="d">1913-2002</subfield><subfield code="0">(DE-588)118624393</subfield><subfield code="6">100-01</subfield></datafield><datafield ind1="1" ind2="0" tag="245"><subfield code="a">Soziale Sicherheit</subfield><subfield code="b">Bekämpfung der Armut</subfield><subfield code="c">Hans Peter Tschudi</subfield></datafield><datafield ind1=" " ind2=" " tag="336"><subfield code="b">txt</subfield><subfield code="2">rdacontent</subfield></datafield><datafield ind1=" " ind2=" " tag="337"><subfield code="b">n</subfield><subfield code="2">rdamedia</subfield></datafield><datafield ind1=" " ind2=" " tag="338"><subfield code="b">nc</subfield><subfield code="2">rdacarrier</subfield></datafield><datafield ind1=" " ind2=" " tag="520"><subfield code="a">Begriffsdefinition, die internationale Ordnung, verfassungsrechtliche Bestimmungen ; Hilfseinrichtungen: Sozialversicherungen, Ergänzungsleistungen, Sicherung des Existenzminimums durch Fürsorge ; Schlussbemerkungen.</subfield><subfield code="5">IDSBB/B429</subfield></datafield><datafield ind1=" " ind2=" " tag="580"><subfield code="a">In: Schweizerische Zeitschrift für Sozialversicherung und berufliche Vorsorge. - Bern. - Jg. 34(1990), H. 1, S. 1-15</subfield></datafield><datafield ind1=" " ind2="7" tag="650"><subfield code="a">soziale Sicherheit</subfield><subfield code="9">ger</subfield><subfield code="0">(RERO)jurivoc000020493ger</subfield><subfield code="2">jurivoc</subfield></datafield><datafield ind1=" " ind2="7" tag="650"><subfield code="a">Bedürftigkeit(allgemein)</subfield><subfield code="9">ger</subfield><subfield code="0">(RERO)jurivoc000002930ger</subfield><subfield code="2">jurivoc</subfield></datafield><datafield ind1=" " ind2="7" tag="651"><subfield code="a">Schweiz</subfield><subfield code="9">ger</subfield><subfield code="0">(RERO)jurivoc000019912ger</subfield><subfield code="2">jurivoc</subfield></datafield><datafield ind1="0" ind2=" " tag="773"><subfield code="t">Schweizerische Zeitschrift für Sozialversicherung und berufliche Vorsorge</subfield><subfield code="d">Bern</subfield><subfield code="g">34(1990)1, S. 1-15 bibl.</subfield><subfield code="q">34/1990/1/1-15</subfield><subfield code="w">(IDSBB)000031247DSV01</subfield></datafield></record>
</metadata></record>