<record><header><identifier>oai:alma.41SLSP_UGE:991000001439705502</identifier><datestamp>2024-06-06T00:18:47Z</datestamp><setSpec>uge_bcen_RapidILL_BOOK</setSpec><setSpec>uge_aaca_RapidILL_BOOK</setSpec><setSpec>uge_abels_RapidILL_BOOK</setSpec><setSpec>uge_dbu_RapidILL_BOOK</setSpec><setSpec>uge_cmu_RapidILL_BOOK</setSpec><setSpec>uge_mail_RapidILL_BOOK</setSpec><setSpec>uge_abbat_RapidILL_BOOK</setSpec><setSpec>UNIGE_ALL</setSpec><setSpec>uge_aobs_RapidILL_BOOK</setSpec><setSpec>uge_acar_RapidILL_BOOK</setSpec></header><metadata>
<record xmlns="http://www.loc.gov/MARC21/slim" xmlns:xsi="http://www.w3.org/2001/XMLSchema-instance" xsi:schemaLocation="http://www.loc.gov/MARC21/slim http://www.loc.gov/standards/marcxml/schema/MARC21slim.xsd"><leader>01631nam a22004092c 4500</leader><controlfield tag="001">991000001439705502</controlfield><controlfield tag="005">20240605101641.0</controlfield><controlfield tag="008">160413m20169999it ||||| |||| 00| ||ita d</controlfield><datafield ind1=" " ind2=" " tag="020"><subfield code="a">8874704933</subfield><subfield code="q">v. 1</subfield></datafield><datafield ind1=" " ind2=" " tag="020"><subfield code="a">9788874704934</subfield><subfield code="q">v. 1</subfield></datafield><datafield ind1=" " ind2=" " tag="020"><subfield code="a">9788874705498</subfield><subfield code="q">v. 3</subfield></datafield><datafield ind1=" " ind2=" " tag="020"><subfield code="a">9788874706488</subfield><subfield code="q">v. 4</subfield></datafield><datafield ind1=" " ind2=" " tag="020"><subfield code="a">9788874709212</subfield><subfield code="q">v. 5</subfield></datafield><datafield ind1=" " ind2=" " tag="035"><subfield code="a">(swissbib)122803302-41slsp_network</subfield></datafield><datafield ind1=" " ind2=" " tag="035"><subfield code="a">122803302</subfield><subfield code="9">ExL</subfield></datafield><datafield ind1=" " ind2=" " tag="035"><subfield code="a">(RERO)R008407245-41slsp</subfield></datafield><datafield ind1=" " ind2=" " tag="035"><subfield code="a">(EXLNZ-41SLSP_NETWORK)991087068589705501</subfield></datafield><datafield ind1=" " ind2=" " tag="040"><subfield code="a">C3L</subfield><subfield code="d">CH-ZuSLS</subfield></datafield><datafield ind1=" " ind2="4" tag="050"><subfield code="a">PQ</subfield></datafield><datafield ind1=" " ind2="7" tag="072"><subfield code="a">it</subfield><subfield code="2">rero</subfield></datafield><datafield ind1="1" ind2="4" tag="082"><subfield code="a">852</subfield><subfield code="2">14</subfield></datafield><datafield ind1="0" ind2=" " tag="100"><subfield code="a">Salvestro</subfield><subfield code="c">cartaio</subfield><subfield code="d">16ème siècle</subfield><subfield code="0">(RERO)A026553757</subfield><subfield code="4">cre</subfield></datafield><datafield ind1="1" ind2="0" tag="245"><subfield code="a">Opere teatrali</subfield><subfield code="c">Salvestro cartaio, detto Il Fumoso</subfield></datafield><datafield ind1=" " ind2="1" tag="264"><subfield code="a">Bari</subfield><subfield code="b">Edizioni di Pagina</subfield><subfield code="c">2016-</subfield></datafield><datafield ind1=" " ind2=" " tag="300"><subfield code="a">volumes</subfield><subfield code="c">21 cm</subfield></datafield><datafield ind1=" " ind2=" " tag="336"><subfield code="b">txt</subfield><subfield code="2">rdacontent</subfield></datafield><datafield ind1=" " ind2=" " tag="337"><subfield code="b">n</subfield><subfield code="2">rdamedia</subfield></datafield><datafield ind1=" " ind2=" " tag="338"><subfield code="b">nc</subfield><subfield code="2">rdacarrier</subfield></datafield><datafield ind1="1" ind2=" " tag="490"><subfield code="a">Due punti</subfield><subfield code="v">42, 48, 60</subfield></datafield><datafield ind1=" " ind2=" " tag="500"><subfield code="a">2 plays</subfield></datafield><datafield ind1="0" ind2=" " tag="505"><subfield code="a">Vol. 1: Panechio ; Tiranfallo / a cura di Anna Scannapieco ; prefazione e traduzione di Roberto Alonge. -- 2016. -- 176 p</subfield></datafield><datafield ind1="0" ind2=" " tag="505"><subfield code="a">Vol. 2: Batechio</subfield></datafield><datafield ind1="0" ind2=" " tag="505"><subfield code="a">Vol. 3: Discordia d'amore / edizione critica e commento a cura di Anna Scannapieco ; prefazione e traduzione di Roberto Alonge</subfield></datafield><datafield ind1="0" ind2=" " tag="505"><subfield code="a">Vol. 4: Capotondo / a cura di Anna Scannapieco ; prefazione di Roberto Alonge</subfield></datafield><datafield ind1="0" ind2=" " tag="505"><subfield code="a">Vol. 5: Il travaglio / edizione critica, traduzione e commento a cura di Anna Scannapieco ; prefazione di Roberto Alonge</subfield></datafield><datafield ind1="1" ind2=" " tag="700"><subfield code="a">Scannapieco, Anna</subfield><subfield code="0">(IDREF)032079494</subfield></datafield><datafield ind1=" " ind2=" " tag="830"><subfield code="a">Due punti</subfield><subfield code="p">Ed. di pagina</subfield><subfield code="v">42, 48</subfield><subfield code="w">(RERO)R007813174-41slsp</subfield></datafield><datafield ind1=" " ind2=" " tag="910"><subfield code="a">OCoLC</subfield><subfield code="b">20160413</subfield><subfield code="c">Droits réservés</subfield></datafield><datafield ind1=" " ind2=" " tag="993"><subfield code="a">BFLA 270690/1</subfield><subfield code="x">ge/ulit/a/16/324</subfield><subfield code="9">local</subfield></datafield><datafield ind1=" " ind2=" " tag="993"><subfield code="a">BFLA 270690/2</subfield><subfield code="x">ge/ulit/a/18/446</subfield><subfield code="9">local</subfield></datafield><datafield ind1=" " ind2=" " tag="993"><subfield code="a">BFLA 270690/3</subfield><subfield code="x">ge/ulit/a/17/387</subfield><subfield code="9">local</subfield></datafield><datafield ind1=" " ind2=" " tag="993"><subfield code="a">BFLA 270690/4</subfield><subfield code="x">ge/ulit/a/19/184</subfield><subfield code="9">local</subfield></datafield></record>
</metadata></record>