<record><header><identifier>oai:alma.41SLSP_UGE:991000001229705502</identifier><datestamp>2023-03-17T01:50:43Z</datestamp><setSpec>uge_bcen_RapidILL_BOOK</setSpec><setSpec>uge_aaca_RapidILL_BOOK</setSpec><setSpec>uge_abels_RapidILL_BOOK</setSpec><setSpec>uge_dbu_RapidILL_BOOK</setSpec><setSpec>uge_cmu_RapidILL_BOOK</setSpec><setSpec>uge_mail_RapidILL_BOOK</setSpec><setSpec>uge_abbat_RapidILL_BOOK</setSpec><setSpec>UNIGE_ALL</setSpec><setSpec>uge_acar_RapidILL_BOOK</setSpec><setSpec>uge_aobs_RapidILL_BOOK</setSpec></header><metadata>
<record xmlns="http://www.loc.gov/MARC21/slim" xmlns:xsi="http://www.w3.org/2001/XMLSchema-instance" xsi:schemaLocation="http://www.loc.gov/MARC21/slim http://www.loc.gov/standards/marcxml/schema/MARC21slim.xsd"><leader>01413nam a2200313 c 4500</leader><controlfield tag="001">991000001229705502</controlfield><controlfield tag="005">20230316195007.0</controlfield><controlfield tag="008">130702s2013    sz ||||| |||| 10| ||fre d</controlfield><datafield ind1=" " ind2=" " tag="035"><subfield code="a">(swissbib)117632430-41slsp_network</subfield></datafield><datafield ind1=" " ind2=" " tag="035"><subfield code="a">117632430</subfield><subfield code="9">ExL</subfield></datafield><datafield ind1=" " ind2=" " tag="035"><subfield code="a">(RERO)R007337118-41slsp</subfield></datafield><datafield ind1=" " ind2=" " tag="035"><subfield code="a">(EXLNZ-41SLSP_NETWORK)991037059339705501</subfield></datafield><datafield ind1=" " ind2=" " tag="040"><subfield code="a">RERO labcud</subfield><subfield code="d">CH-ZuSLS</subfield></datafield><datafield ind1=" " ind2=" " tag="044"><subfield code="a">sz</subfield><subfield code="c">ch-vd</subfield></datafield><datafield ind1=" " ind2="7" tag="072"><subfield code="a">sp</subfield><subfield code="2">rero</subfield></datafield><datafield ind1="0" ind2="0" tag="245"><subfield code="a">&lt;&lt;La&gt;&gt; coopérative</subfield><subfield code="b">un modèle d'avenir? : colloque interdisciplinaire sur le présent et devenir des coopératives en Suisse romande</subfield><subfield code="c">Nicolas Gachet &amp; Michaël Gonin (éds)</subfield></datafield><datafield ind1=" " ind2="1" tag="264"><subfield code="a">Lausanne</subfield><subfield code="b">Univ. de Lausanne</subfield><subfield code="c">2013</subfield></datafield><datafield ind1=" " ind2=" " tag="300"><subfield code="a">111 p.</subfield></datafield><datafield ind1=" " ind2=" " tag="336"><subfield code="b">txt</subfield><subfield code="2">rdacontent</subfield></datafield><datafield ind1=" " ind2=" " tag="337"><subfield code="b">n</subfield><subfield code="2">rdamedia</subfield></datafield><datafield ind1=" " ind2=" " tag="338"><subfield code="b">nc</subfield><subfield code="2">rdacarrier</subfield></datafield><datafield ind1=" " ind2=" " tag="500"><subfield code="a">Actes du colloque organisé le 13 novembre 2012 par les facultés des Sciences sociales et politiques et des Hautes études commerciales</subfield></datafield><datafield ind1=" " ind2="7" tag="650"><subfield code="a">Coopératives</subfield><subfield code="0">(IDREF)027466418</subfield><subfield code="2">idref</subfield></datafield><datafield ind1=" " ind2="7" tag="651"><subfield code="a">Suisse romande</subfield><subfield code="0">(IDREF)027437221</subfield><subfield code="2">idref</subfield></datafield><datafield ind1=" " ind2="7" tag="655"><subfield code="a">Actes de congrès</subfield><subfield code="0">(IDREF)02886431X</subfield><subfield code="2">idref</subfield></datafield><datafield ind1="1" ind2=" " tag="700"><subfield code="a">Gachet, Nicolas</subfield><subfield code="0">(RERO)A023459280</subfield></datafield><datafield ind1="1" ind2=" " tag="700"><subfield code="a">Gonin, Michaël</subfield><subfield code="0">(RERO)A013794226</subfield></datafield><datafield ind1="2" ind2=" " tag="710"><subfield code="a">Université de Lausanne</subfield><subfield code="b">Faculté des sciences sociales et politiques</subfield><subfield code="b">Colloque</subfield><subfield code="d">2012</subfield><subfield code="c">Lausanne</subfield><subfield code="0">(RERO)A023459281</subfield></datafield><datafield ind1="2" ind2=" " tag="710"><subfield code="a">Université de Lausanne</subfield><subfield code="b">Ecole des hautes études commerciales</subfield><subfield code="b">Colloque</subfield><subfield code="d">2012</subfield><subfield code="c">Lausanne</subfield><subfield code="0">(RERO)A023459282</subfield></datafield><datafield ind1=" " ind2=" " tag="900"><subfield code="a">REROnoselfmerge</subfield></datafield></record>
</metadata></record>