<record><header><identifier>oai:alma.41SLSP_UGE:991000001749705502</identifier><datestamp>2024-09-13T00:09:16Z</datestamp><setSpec>uge_bcen_RapidILL_BOOK</setSpec><setSpec>uge_aaca_RapidILL_BOOK</setSpec><setSpec>uge_abels_RapidILL_BOOK</setSpec><setSpec>uge_dbu_RapidILL_BOOK</setSpec><setSpec>uge_cmu_RapidILL_BOOK</setSpec><setSpec>uge_mail_RapidILL_BOOK</setSpec><setSpec>uge_abbat_RapidILL_BOOK</setSpec><setSpec>UNIGE_ALL</setSpec><setSpec>uge_aobs_RapidILL_BOOK</setSpec><setSpec>uge_acar_RapidILL_BOOK</setSpec></header><metadata>
<record xmlns="http://www.loc.gov/MARC21/slim" xmlns:xsi="http://www.w3.org/2001/XMLSchema-instance" xsi:schemaLocation="http://www.loc.gov/MARC21/slim http://www.loc.gov/standards/marcxml/schema/MARC21slim.xsd"><leader>01492nam a2200409 c 4500</leader><controlfield tag="001">991000001749705502</controlfield><controlfield tag="005">20240912212717.0</controlfield><controlfield tag="008">201012s1984    gw ||||| |||| 00| ||ger d</controlfield><datafield ind1=" " ind2=" " tag="035"><subfield code="a">(swissbib)23946365X-41slsp_network</subfield></datafield><datafield ind1=" " ind2=" " tag="035"><subfield code="a">23946365X</subfield><subfield code="9">ExL</subfield></datafield><datafield ind1=" " ind2=" " tag="035"><subfield code="a">(RERO)0809633-41slsp</subfield></datafield><datafield ind1=" " ind2=" " tag="035"><subfield code="a">(IDSBB)000040788DSV01</subfield></datafield><datafield ind1=" " ind2=" " tag="035"><subfield code="a">(NEBIS)001513928EBI01</subfield></datafield><datafield ind1=" " ind2=" " tag="035"><subfield code="a">(IDSLU)000114651ILU01</subfield></datafield><datafield ind1=" " ind2=" " tag="035"><subfield code="a">(EXLNZ-41SLSP_NETWORK)991132042109705501</subfield></datafield><datafield ind1=" " ind2=" " tag="040"><subfield code="a">RERO geulal</subfield><subfield code="d">CH-ZuSLS</subfield></datafield><datafield ind1=" " ind2="7" tag="072"><subfield code="a">al</subfield><subfield code="2">rero</subfield></datafield><datafield ind1=" " ind2="7" tag="072"><subfield code="a">nd</subfield><subfield code="2">SzZuIDS BS/BE</subfield></datafield><datafield ind1=" " ind2="7" tag="072"><subfield code="a">28</subfield><subfield code="2">IDS LU</subfield></datafield><datafield ind1="1" ind2="4" tag="082"><subfield code="a">830</subfield><subfield code="2">15</subfield></datafield><datafield ind1="0" ind2="0" tag="245"><subfield code="a">Computerkultur</subfield><subfield code="c">Wolfgang Coy, Oswald Wiener... [et al.]</subfield></datafield><datafield ind1=" " ind2="1" tag="264"><subfield code="a">Berlin</subfield><subfield code="b">Kursbuch/Rotbuch Verlag</subfield><subfield code="c">1984</subfield></datafield><datafield ind1=" " ind2=" " tag="300"><subfield code="a">198 p.</subfield><subfield code="b">ill.</subfield><subfield code="c">23 cm</subfield></datafield><datafield ind1=" " ind2=" " tag="336"><subfield code="b">txt</subfield><subfield code="2">rdacontent</subfield></datafield><datafield ind1=" " ind2=" " tag="337"><subfield code="b">n</subfield><subfield code="2">rdamedia</subfield></datafield><datafield ind1=" " ind2=" " tag="338"><subfield code="b">nc</subfield><subfield code="2">rdacarrier</subfield></datafield><datafield ind1="1" ind2=" " tag="490"><subfield code="a">Kursbuch</subfield><subfield code="v">75</subfield></datafield><datafield ind1=" " ind2=" " tag="500"><subfield code="a">Beschrieb aufgrund von Heft 75(1984,März)</subfield></datafield><datafield ind1=" " ind2="7" tag="650"><subfield code="a">COMPUTERSPIELE (SOFTWAREPRODUKTE)</subfield><subfield code="9">ger</subfield><subfield code="0">(ETHUDK)000034692</subfield><subfield code="2">ethudk</subfield></datafield><datafield ind1=" " ind2="7" tag="650"><subfield code="a">KÜNSTLICHE INTELLIGENZ</subfield><subfield code="9">ger</subfield><subfield code="0">(ETHUDK)000009085</subfield><subfield code="2">ethudk</subfield></datafield><datafield ind1=" " ind2="7" tag="650"><subfield code="a">MENSCH-MASCHINE-KOMMUNIKATION, MMK</subfield><subfield code="9">ger</subfield><subfield code="0">(ETHUDK)000053488</subfield><subfield code="2">ethudk</subfield></datafield><datafield ind1=" " ind2=" " tag="690"><subfield code="a">Datenverarbeitung &amp; Gesellschaft</subfield><subfield code="2">rzs-L1</subfield></datafield><datafield ind1=" " ind2=" " tag="690"><subfield code="a">Gesellschaft &amp; Computer</subfield><subfield code="2">rzs-L1</subfield></datafield><datafield ind1="1" ind2=" " tag="700"><subfield code="a">Coy, Wolfgang</subfield><subfield code="d">1947-....</subfield><subfield code="0">(IDREF)251374149</subfield></datafield><datafield ind1="0" ind2=" " tag="773"><subfield code="t">Kursbuch</subfield><subfield code="g">1984 / Mar = Heft 75</subfield><subfield code="g">yr:1984</subfield><subfield code="g">no:1984</subfield><subfield code="w">(NEBIS)000049829EBI01</subfield></datafield><datafield ind1=" " ind2=" " tag="830"><subfield code="a">Kursbuch</subfield><subfield code="v">75</subfield><subfield code="w">(RERO)0062787-41slsp</subfield></datafield><datafield ind1=" " ind2=" " tag="830"><subfield code="a">Kursbuch</subfield><subfield code="v">75</subfield><subfield code="w">(IDSBB)000105636DSV01</subfield></datafield><datafield ind1=" " ind2=" " tag="900"><subfield code="a">REROnoselfmerge</subfield></datafield></record>
</metadata></record>