<record><header><identifier>oai:alma.41SLSP_UGE:991000001849705502</identifier><datestamp>2023-03-01T01:09:00Z</datestamp><setSpec>uge_bcen_RapidILL_BOOK</setSpec><setSpec>uge_aaca_RapidILL_BOOK</setSpec><setSpec>uge_abels_RapidILL_BOOK</setSpec><setSpec>uge_dbu_RapidILL_BOOK</setSpec><setSpec>uge_cmu_RapidILL_BOOK</setSpec><setSpec>uge_mail_RapidILL_BOOK</setSpec><setSpec>UNIGE_ALL</setSpec><setSpec>uge_abbat_RapidILL_BOOK</setSpec><setSpec>uge_acar_RapidILL_BOOK</setSpec><setSpec>uge_aobs_RapidILL_BOOK</setSpec></header><metadata>
<record xmlns="http://www.loc.gov/MARC21/slim" xmlns:xsi="http://www.w3.org/2001/XMLSchema-instance" xsi:schemaLocation="http://www.loc.gov/MARC21/slim http://www.loc.gov/standards/marcxml/schema/MARC21slim.xsd"><leader>02915nam a2200757 c 4500</leader><controlfield tag="001">991000001849705502</controlfield><controlfield tag="005">20211202184205.0</controlfield><controlfield tag="008">201011t19921992sz ||||| |||| 00| ||fre d</controlfield><datafield ind1=" " ind2=" " tag="015"><subfield code="a">92,N27,0488</subfield></datafield><datafield ind1=" " ind2=" " tag="019"><subfield code="a">Lopreno, Dario (1955-) / Susta</subfield></datafield><datafield ind1=" " ind2=" " tag="020"><subfield code="a">326104571X</subfield></datafield><datafield ind1=" " ind2=" " tag="035"><subfield code="a">(swissbib)226919862-41slsp_network</subfield></datafield><datafield ind1=" " ind2=" " tag="035"><subfield code="a">226919862</subfield><subfield code="9">ExL</subfield></datafield><datafield ind1=" " ind2=" " tag="035"><subfield code="a">(RERO)1594781-41slsp</subfield></datafield><datafield ind1=" " ind2=" " tag="035"><subfield code="a">(NEBIS)001230364EBI01</subfield></datafield><datafield ind1=" " ind2=" " tag="035"><subfield code="a">(IDSBB)001269579DSV01</subfield></datafield><datafield ind1=" " ind2=" " tag="035"><subfield code="a">(EXLNZ-41SLSP_NETWORK)991101791939705501</subfield></datafield><datafield ind1=" " ind2=" " tag="040"><subfield code="a">RERO gecaeg</subfield><subfield code="d">CH-ZuSLS</subfield></datafield><datafield ind1=" " ind2=" " tag="044"><subfield code="a">sz</subfield><subfield code="a">gw</subfield></datafield><datafield ind1=" " ind2="7" tag="072"><subfield code="a">ht</subfield><subfield code="2">rero</subfield></datafield><datafield ind1=" " ind2="7" tag="072"><subfield code="a">ng</subfield><subfield code="2">SzZuIDS BS/BE</subfield></datafield><datafield ind1="0" ind2="0" tag="082"><subfield code="a">945/.709</subfield><subfield code="2">20</subfield></datafield><datafield ind1="0" ind2="4" tag="082"><subfield code="a">930</subfield></datafield><datafield ind1="0" ind2="4" tag="082"><subfield code="a">945.7</subfield></datafield><datafield ind1="1" ind2="4" tag="082"><subfield code="a">900</subfield><subfield code="2">15</subfield></datafield><datafield ind1=" " ind2=" " tag="084"><subfield code="a">NK 2300</subfield><subfield code="2">rvk</subfield></datafield><datafield ind1=" " ind2=" " tag="084"><subfield code="a">NP 5880</subfield><subfield code="2">rvk</subfield></datafield><datafield ind1="1" ind2=" " tag="100"><subfield code="a">Lopreno, Dario</subfield><subfield code="d">1955-....</subfield><subfield code="0">(IDREF)031723853</subfield><subfield code="4">cre</subfield></datafield><datafield ind1="1" ind2="0" tag="245"><subfield code="a">&lt;&lt;La&gt;&gt; question Nord-Sud en Italie</subfield><subfield code="b">histoire du Mezzogiorno de l'unité italienne (1861) à nos jours</subfield><subfield code="c">Dario Lopreno</subfield></datafield><datafield ind1=" " ind2="1" tag="264"><subfield code="a">Berne</subfield><subfield code="a">Francfort-s. Main [etc.]</subfield><subfield code="b">P. Lang</subfield><subfield code="c">1992</subfield></datafield><datafield ind1=" " ind2="4" tag="264"><subfield code="c">© 1992</subfield></datafield><datafield ind1=" " ind2=" " tag="300"><subfield code="a">290 p.</subfield><subfield code="b">ill.</subfield><subfield code="c">21 cm</subfield></datafield><datafield ind1=" " ind2=" " tag="336"><subfield code="b">txt</subfield><subfield code="2">rdacontent</subfield></datafield><datafield ind1=" " ind2=" " tag="337"><subfield code="b">n</subfield><subfield code="2">rdamedia</subfield></datafield><datafield ind1=" " ind2=" " tag="338"><subfield code="b">nc</subfield><subfield code="2">rdacarrier</subfield></datafield><datafield ind1="1" ind2=" " tag="490"><subfield code="a">Publications universitaires européennes. Série 3, Histoire et sciences auxiliaires de l'histoire</subfield><subfield code="v">vol. 526</subfield></datafield><datafield ind1="1" ind2=" " tag="490"><subfield code="a">Europäische Hochschulschriften. Reihe 3, Geschichte und ihre Hilfswissenschaften</subfield><subfield code="v">Bd. 526</subfield></datafield><datafield ind1=" " ind2=" " tag="504"><subfield code="a">Bibliogr.: p. 265-289</subfield></datafield><datafield ind1=" " ind2=" " tag="504"><subfield code="a">Literaturverz.</subfield></datafield><datafield ind1=" " ind2="7" tag="648"><subfield code="a">Geschichte 1850-1900</subfield><subfield code="2">idszbz</subfield></datafield><datafield ind1=" " ind2="7" tag="648"><subfield code="a">Geschichte 1860-1990</subfield><subfield code="2">idszbz</subfield></datafield><datafield ind1=" " ind2="7" tag="648"><subfield code="a">Geschichte 1900-2000</subfield><subfield code="2">idszbz</subfield></datafield><datafield ind1=" " ind2="7" tag="648"><subfield code="a">Geschichte 1860-1990</subfield><subfield code="2">gnd</subfield></datafield><datafield ind1=" " ind2="7" tag="648"><subfield code="a">Geschichte 1861-1990</subfield><subfield code="2">gnd</subfield></datafield><datafield ind1=" " ind2="7" tag="648"><subfield code="a">Geschichte 1861-1992</subfield><subfield code="2">gnd</subfield></datafield><datafield ind1=" " ind2="7" tag="650"><subfield code="a">1861-1992</subfield><subfield code="2">rero</subfield></datafield><datafield ind1=" " ind2="7" tag="650"><subfield code="a">Nationenbildung</subfield><subfield code="0">(DE-588)4075230-6</subfield><subfield code="2">gnd</subfield></datafield><datafield ind1=" " ind2="7" tag="650"><subfield code="a">Regionalentwicklung</subfield><subfield code="0">(DE-588)4076605-6</subfield><subfield code="2">gnd</subfield></datafield><datafield ind1=" " ind2="7" tag="650"><subfield code="a">Regionalismus</subfield><subfield code="0">(DE-588)4049037-3</subfield><subfield code="2">gnd</subfield></datafield><datafield ind1=" " ind2="7" tag="650"><subfield code="a">Süditalienfrage</subfield><subfield code="0">(DE-588)4455729-2</subfield><subfield code="2">gnd</subfield></datafield><datafield ind1=" " ind2="7" tag="651"><subfield code="a">Italie (sud)</subfield><subfield code="0">(IDREF)027308170</subfield><subfield code="2">idref</subfield></datafield><datafield ind1=" " ind2="7" tag="651"><subfield code="a">Unteritalien</subfield><subfield code="2">idszbz</subfield></datafield><datafield ind1=" " ind2="7" tag="651"><subfield code="a">Italien</subfield><subfield code="0">(DE-588)4027833-5</subfield><subfield code="2">gnd</subfield></datafield><datafield ind1=" " ind2="7" tag="651"><subfield code="a">Italien</subfield><subfield code="z">Süd</subfield><subfield code="0">(DE-588)4072965-5</subfield><subfield code="2">gnd</subfield></datafield><datafield ind1=" " ind2="7" tag="651"><subfield code="a">Oberitalien</subfield><subfield code="0">(DE-588)4042547-2</subfield><subfield code="2">gnd</subfield></datafield><datafield ind1=" " ind2="0" tag="651"><subfield code="a">Italy, Southern</subfield><subfield code="x">History</subfield><subfield code="y">1861-1945</subfield></datafield><datafield ind1=" " ind2="0" tag="651"><subfield code="a">Italy, Southern</subfield><subfield code="x">Social conditions</subfield></datafield><datafield ind1=" " ind2="0" tag="651"><subfield code="a">Italy</subfield><subfield code="x">Economic conditions</subfield><subfield code="x">Regional disparities</subfield></datafield><datafield ind1=" " ind2="0" tag="651"><subfield code="a">Italy</subfield><subfield code="x">Politics and government</subfield><subfield code="y">20th century</subfield></datafield><datafield ind1=" " ind2="7" tag="651"><subfield code="a">Italien</subfield><subfield code="y">Geschichte 19. Jh</subfield><subfield code="2">idsbb</subfield></datafield><datafield ind1=" " ind2="7" tag="651"><subfield code="a">Italien</subfield><subfield code="y">Geschichte 20. Jh</subfield><subfield code="2">idsbb</subfield></datafield><datafield ind1=" " ind2="7" tag="651"><subfield code="a">Süditalien</subfield><subfield code="y">Geschichte 20. Jh</subfield><subfield code="2">idsbb</subfield></datafield><datafield ind1=" " ind2="7" tag="651"><subfield code="a">Süditalien</subfield><subfield code="y">Geschichte 19. Jh</subfield><subfield code="2">idsbb</subfield></datafield><datafield ind1=" " ind2="7" tag="651"><subfield code="a">Süditalien</subfield><subfield code="z">Norditalien</subfield><subfield code="2">idsbb</subfield></datafield><datafield ind1=" " ind2="7" tag="651"><subfield code="a">Norditalien</subfield><subfield code="z">Süditalien</subfield><subfield code="2">idsbb</subfield></datafield><datafield ind1=" " ind2="0" tag="830"><subfield code="a">Europäische Hochschulschriften</subfield><subfield code="p">Reihe 3, Geschichte und ihre Hilfswissenschaften</subfield><subfield code="v">526</subfield><subfield code="w">(RERO)0022016-41slsp</subfield></datafield><datafield ind1=" " ind2=" " tag="900"><subfield code="a">REROnoselfmerge</subfield></datafield><datafield ind1=" " ind2=" " tag="961"><subfield code="2">gsi</subfield><subfield code="a">945</subfield><subfield code="9">LOCAL</subfield></datafield></record>
</metadata></record>