<record><header><identifier>oai:alma.41SLSP_UGE:991000001639705502</identifier><datestamp>2023-04-11T00:13:09Z</datestamp><setSpec>uge_bcen_RapidILL_BOOK</setSpec><setSpec>uge_aaca_RapidILL_BOOK</setSpec><setSpec>uge_abels_RapidILL_BOOK</setSpec><setSpec>uge_dbu_RapidILL_BOOK</setSpec><setSpec>uge_cmu_RapidILL_BOOK</setSpec><setSpec>uge_mail_RapidILL_BOOK</setSpec><setSpec>uge_abbat_RapidILL_BOOK</setSpec><setSpec>UNIGE_ALL</setSpec><setSpec>uge_acar_RapidILL_BOOK</setSpec><setSpec>uge_aobs_RapidILL_BOOK</setSpec></header><metadata>
<record xmlns="http://www.loc.gov/MARC21/slim" xmlns:xsi="http://www.w3.org/2001/XMLSchema-instance" xsi:schemaLocation="http://www.loc.gov/MARC21/slim http://www.loc.gov/standards/marcxml/schema/MARC21slim.xsd"><leader>01290nam a2200349 c 4500</leader><controlfield tag="001">991000001639705502</controlfield><controlfield tag="005">20230410193008.0</controlfield><controlfield tag="008">171026s2017    fr ||||| |||| 00| ||fre d</controlfield><datafield ind1=" " ind2=" " tag="020"><subfield code="a">9782738140067</subfield></datafield><datafield ind1="7" ind2=" " tag="024"><subfield code="a">http://catalogue.bnf.fr/ark:/12148/cb45389757d</subfield><subfield code="2">uri</subfield></datafield><datafield ind1=" " ind2=" " tag="035"><subfield code="a">(swissbib)12428678X-41slsp_network</subfield></datafield><datafield ind1=" " ind2=" " tag="035"><subfield code="a">12428678X</subfield><subfield code="9">ExL</subfield></datafield><datafield ind1=" " ind2=" " tag="035"><subfield code="a">(RERO)R008723063-41slsp</subfield></datafield><datafield ind1=" " ind2=" " tag="035"><subfield code="a">(EXLNZ-41SLSP_NETWORK)991029428279705501</subfield></datafield><datafield ind1=" " ind2=" " tag="040"><subfield code="a">RERO geucds</subfield><subfield code="d">CH-ZuSLS</subfield></datafield><datafield ind1="1" ind2=" " tag="041"><subfield code="a">fre</subfield><subfield code="h">eng</subfield></datafield><datafield ind1=" " ind2="7" tag="072"><subfield code="a">me</subfield><subfield code="2">rero</subfield></datafield><datafield ind1="1" ind2=" " tag="100"><subfield code="a">Demeneix, Barbara</subfield><subfield code="d">1949-....</subfield><subfield code="0">(IDREF)08139263X</subfield><subfield code="4">aut</subfield></datafield><datafield ind1="1" ind2="0" tag="245"><subfield code="a">Cocktail toxique</subfield><subfield code="b">comment les perturbateurs endocriniens empoisonnent notre cerveau</subfield><subfield code="c">Barbara Demeneix</subfield></datafield><datafield ind1=" " ind2="1" tag="264"><subfield code="a">Paris</subfield><subfield code="b">O. Jacob</subfield><subfield code="c">2017</subfield></datafield><datafield ind1=" " ind2=" " tag="300"><subfield code="a">308 p.</subfield><subfield code="b">ill.</subfield></datafield><datafield ind1=" " ind2=" " tag="336"><subfield code="b">txt</subfield><subfield code="2">rdacontent</subfield></datafield><datafield ind1=" " ind2=" " tag="337"><subfield code="b">n</subfield><subfield code="2">rdamedia</subfield></datafield><datafield ind1=" " ind2=" " tag="338"><subfield code="b">nc</subfield><subfield code="2">rdacarrier</subfield></datafield><datafield ind1=" " ind2="7" tag="650"><subfield code="a">Toxicologie</subfield><subfield code="0">(IDREF)02779217X</subfield><subfield code="2">idref</subfield></datafield><datafield ind1=" " ind2="7" tag="650"><subfield code="a">Maladies de l'environnement</subfield><subfield code="0">(IDREF)027873005</subfield><subfield code="2">idref</subfield></datafield><datafield ind1=" " ind2="7" tag="650"><subfield code="a">Prévention</subfield><subfield code="0">(IDREF)02724525X</subfield><subfield code="2">idref</subfield></datafield><datafield ind1=" " ind2="7" tag="650"><subfield code="a">Risques pour la santé</subfield><subfield code="0">(IDREF)028040988</subfield><subfield code="2">idref</subfield></datafield><datafield ind1=" " ind2="7" tag="650"><subfield code="a">Polluants</subfield><subfield code="0">(IDREF)027878414</subfield><subfield code="2">idref</subfield></datafield><datafield ind1=" " ind2="7" tag="650"><subfield code="a">Produits chimiques</subfield><subfield code="0">(IDREF)027241343</subfield><subfield code="2">idref</subfield></datafield><datafield ind1=" " ind2="7" tag="650"><subfield code="a">Cerveau</subfield><subfield code="0">(IDREF)027730298</subfield><subfield code="2">idref</subfield></datafield><datafield ind1=" " ind2="7" tag="650"><subfield code="a">Perturbateurs endocriniens</subfield><subfield code="0">(IDREF)085901997</subfield><subfield code="2">idref</subfield></datafield><datafield ind1=" " ind2=" " tag="900"><subfield code="a">REROnoselfmerge</subfield></datafield></record>
</metadata></record>