<record><header><identifier>oai:alma.41SLSP_UGE:991000001869705502</identifier><datestamp>2024-09-13T00:21:50Z</datestamp><setSpec>uge_bcen_RapidILL_BOOK</setSpec><setSpec>uge_aaca_RapidILL_BOOK</setSpec><setSpec>uge_abels_RapidILL_BOOK</setSpec><setSpec>uge_dbu_RapidILL_BOOK</setSpec><setSpec>uge_cmu_RapidILL_BOOK</setSpec><setSpec>uge_mail_RapidILL_BOOK</setSpec><setSpec>uge_abbat_RapidILL_BOOK</setSpec><setSpec>UNIGE_ALL</setSpec><setSpec>uge_aobs_RapidILL_BOOK</setSpec><setSpec>uge_acar_RapidILL_BOOK</setSpec></header><metadata>
<record xmlns="http://www.loc.gov/MARC21/slim" xmlns:xsi="http://www.w3.org/2001/XMLSchema-instance" xsi:schemaLocation="http://www.loc.gov/MARC21/slim http://www.loc.gov/standards/marcxml/schema/MARC21slim.xsd"><leader>01527naa a2200277 c 4500</leader><controlfield tag="001">991000001869705502</controlfield><controlfield tag="005">20240912205005.0</controlfield><controlfield tag="008">140424s2014    sz ||||| |||| 00| ||ger d</controlfield><datafield ind1=" " ind2=" " tag="035"><subfield code="a">(swissbib)119590166-41slsp_network</subfield></datafield><datafield ind1=" " ind2=" " tag="035"><subfield code="a">119590166</subfield><subfield code="9">ExL</subfield></datafield><datafield ind1=" " ind2=" " tag="035"><subfield code="a">(RERO)R007716056-41slsp</subfield></datafield><datafield ind1=" " ind2=" " tag="035"><subfield code="a">(EXLNZ-41SLSP_NETWORK)991090189039705501</subfield></datafield><datafield ind1=" " ind2=" " tag="040"><subfield code="a">RERO iftaf-</subfield><subfield code="d">CH-ZuSLS</subfield></datafield><datafield ind1="0" ind2=" " tag="041"><subfield code="a">ger</subfield><subfield code="a">fre</subfield></datafield><datafield ind1=" " ind2=" " tag="044"><subfield code="a">sz</subfield><subfield code="c">ch-zh</subfield></datafield><datafield ind1=" " ind2="7" tag="072"><subfield code="a">dr</subfield><subfield code="2">rero</subfield></datafield><datafield ind1="1" ind2=" " tag="100"><subfield code="a">Krapf, Roger</subfield><subfield code="0">(RERO)A003472406</subfield><subfield code="4">cre</subfield></datafield><datafield ind1="1" ind2="0" tag="245"><subfield code="a">Unternehmenssteuerreform III</subfield><subfield code="b">Stärkung der steuerlichen Wettbewerbsfähigkeit = Réforme de l'imposition des entreprises III : renforcer la compétitivité fiscale</subfield><subfield code="c">Roger Krapf</subfield></datafield><datafield ind1="1" ind2=" " tag="246"><subfield code="a">Réforme de l'imposition des entreprises III</subfield><subfield code="b">renforcer la compétitivité fiscale</subfield></datafield><datafield ind1=" " ind2=" " tag="336"><subfield code="b">txt</subfield><subfield code="2">rdacontent</subfield></datafield><datafield ind1=" " ind2=" " tag="337"><subfield code="b">n</subfield><subfield code="2">rdamedia</subfield></datafield><datafield ind1=" " ind2=" " tag="338"><subfield code="b">nc</subfield><subfield code="2">rdacarrier</subfield></datafield><datafield ind1=" " ind2=" " tag="500"><subfield code="a">Die Artikel in Deutsch und Französisch folgen aufeinander</subfield></datafield><datafield ind1=" " ind2=" " tag="580"><subfield code="a">In: Der Schweizer Treuhänder. - Zürich. - Bd. 88(2014), Nr. 4, S. 248</subfield></datafield><datafield ind1=" " ind2=" " tag="580"><subfield code="a">In: L'expert-comptable suisse. - Zurich. - Vol. 88(2014), no 4, p. 249</subfield></datafield><datafield ind1="0" ind2=" " tag="773"><subfield code="t">Schweizer Treuhänder : Monatszeitschrift für Revision, Rechnungswesen und Beratung : offizielles Organ der Schweizerischen Treuhand- und Revisionskammer = L'expert-comptable suisse : revue mensuelle pour la revision, la comptabilité et le conseil d'entreprise : organe officiel de la Chambre suisse des Sociétés fiduciaires et des experts-comptables</subfield><subfield code="g">2014/248</subfield><subfield code="g">yr:2014</subfield><subfield code="g">2014/249</subfield><subfield code="w">(RERO)0223261-41slsp</subfield></datafield><datafield ind1=" " ind2=" " tag="900"><subfield code="a">REROnoselfmerge</subfield></datafield></record>
</metadata></record>