<record><header><identifier>oai:alma.41SLSP_UGE:991000001759705502</identifier><datestamp>2023-03-03T01:08:27Z</datestamp><setSpec>uge_bcen_RapidILL_BOOK</setSpec><setSpec>uge_aaca_RapidILL_BOOK</setSpec><setSpec>uge_abels_RapidILL_BOOK</setSpec><setSpec>uge_dbu_RapidILL_BOOK</setSpec><setSpec>uge_cmu_RapidILL_BOOK</setSpec><setSpec>uge_mail_RapidILL_BOOK</setSpec><setSpec>uge_abbat_RapidILL_BOOK</setSpec><setSpec>UNIGE_ALL</setSpec><setSpec>uge_acar_RapidILL_BOOK</setSpec><setSpec>uge_aobs_RapidILL_BOOK</setSpec></header><metadata>
<record xmlns="http://www.loc.gov/MARC21/slim" xmlns:xsi="http://www.w3.org/2001/XMLSchema-instance" xsi:schemaLocation="http://www.loc.gov/MARC21/slim http://www.loc.gov/standards/marcxml/schema/MARC21slim.xsd"><leader>04826nam a2201201 c 4500</leader><controlfield tag="001">991000001759705502</controlfield><controlfield tag="005">20230302191147.0</controlfield><controlfield tag="008">201012t19901990xxu||||| |||| 00| ||eng d</controlfield><datafield ind1=" " ind2=" " tag="010"><subfield code="a">90040485</subfield></datafield><datafield ind1=" " ind2=" " tag="020"><subfield code="a">0674003616</subfield><subfield code="q">pbk.</subfield></datafield><datafield ind1=" " ind2=" " tag="020"><subfield code="a">0674003608</subfield><subfield code="q">alk. paper</subfield></datafield><datafield ind1="7" ind2=" " tag="024"><subfield code="a">http://catalogue.bnf.fr/ark:/12148/cb355381400</subfield><subfield code="2">uri</subfield></datafield><datafield ind1=" " ind2=" " tag="035"><subfield code="a">(swissbib)238688895-41slsp_network</subfield></datafield><datafield ind1=" " ind2=" " tag="035"><subfield code="a">238688895</subfield><subfield code="9">ExL</subfield></datafield><datafield ind1=" " ind2=" " tag="035"><subfield code="a">(RERO)1403800-41slsp</subfield></datafield><datafield ind1=" " ind2=" " tag="035"><subfield code="a">(NEBIS)001158864EBI01</subfield></datafield><datafield ind1=" " ind2=" " tag="035"><subfield code="a">(SBT)000489880SBT01</subfield></datafield><datafield ind1=" " ind2=" " tag="035"><subfield code="a">(IDSBB)000714018DSV01</subfield></datafield><datafield ind1=" " ind2=" " tag="035"><subfield code="a">(IDSSG)000503113HSB01</subfield></datafield><datafield ind1=" " ind2=" " tag="035"><subfield code="a">(OCoLC) ocn299429182</subfield></datafield><datafield ind1=" " ind2=" " tag="035"><subfield code="a">(EXLNZ-41SLSP_NETWORK)991122385689705501</subfield></datafield><datafield ind1=" " ind2=" " tag="040"><subfield code="a">RERO labcud</subfield><subfield code="d">CH-ZuSLS</subfield></datafield><datafield ind1=" " ind2=" " tag="044"><subfield code="a">xxu</subfield><subfield code="a">xxk</subfield></datafield><datafield ind1=" " ind2=" " tag="050"><subfield code="a">BF455</subfield><subfield code="b">.B74 1990</subfield></datafield><datafield ind1=" " ind2="7" tag="072"><subfield code="a">ps</subfield><subfield code="2">rero</subfield></datafield><datafield ind1=" " ind2="7" tag="072"><subfield code="a">ss</subfield><subfield code="2">rero</subfield></datafield><datafield ind1=" " ind2="7" tag="072"><subfield code="a">so</subfield><subfield code="2">rero</subfield></datafield><datafield ind1=" " ind2="7" tag="072"><subfield code="a">ps</subfield><subfield code="2">SzZuIDS BS/BE</subfield></datafield><datafield ind1="0" ind2="0" tag="082"><subfield code="a">150</subfield><subfield code="2">20</subfield></datafield><datafield ind1="0" ind2="0" tag="082"><subfield code="a">15022</subfield></datafield><datafield ind1="0" ind2="4" tag="082"><subfield code="a">153.4</subfield><subfield code="2">22</subfield></datafield><datafield ind1="0" ind2="4" tag="082"><subfield code="a">153.3</subfield><subfield code="b">B685</subfield><subfield code="2">21</subfield></datafield><datafield ind1="1" ind2="4" tag="082"><subfield code="a">150</subfield><subfield code="2">15</subfield></datafield><datafield ind1=" " ind2=" " tag="084"><subfield code="a">CC 8200</subfield><subfield code="2">rvk</subfield></datafield><datafield ind1=" " ind2=" " tag="084"><subfield code="a">CM 2200</subfield><subfield code="2">rvk</subfield></datafield><datafield ind1=" " ind2=" " tag="084"><subfield code="a">CP 4000</subfield><subfield code="2">rvk</subfield></datafield><datafield ind1=" " ind2=" " tag="084"><subfield code="a">CP 4100</subfield><subfield code="2">rvk</subfield></datafield><datafield ind1=" " ind2=" " tag="084"><subfield code="a">EC 2430</subfield><subfield code="2">rvk</subfield></datafield><datafield ind1="1" ind2=" " tag="100"><subfield code="6">880-01</subfield><subfield code="a">Bruner, Jerome Seymour</subfield><subfield code="d">1915-2016</subfield><subfield code="0">(IDREF)026756714</subfield><subfield code="4">cre</subfield></datafield><datafield ind1="1" ind2=" " tag="880"><subfield code="6">100-01</subfield><subfield code="a">Bruner, Jerome Seymour</subfield><subfield code="0">(SBT11)000001177</subfield></datafield><datafield ind1="1" ind2="0" tag="245"><subfield code="a">Acts of meaning</subfield><subfield code="c">Jerome Bruner</subfield></datafield><datafield ind1=" " ind2="1" tag="264"><subfield code="a">Cambridge Mass.</subfield><subfield code="a">London</subfield><subfield code="b">Harvard Univ. Press</subfield><subfield code="c">[1990]</subfield></datafield><datafield ind1=" " ind2="4" tag="264"><subfield code="c">© 1990</subfield></datafield><datafield ind1=" " ind2=" " tag="300"><subfield code="a">XVII, 181 p.</subfield><subfield code="c">22 cm</subfield></datafield><datafield ind1=" " ind2=" " tag="336"><subfield code="b">txt</subfield><subfield code="2">rdacontent</subfield></datafield><datafield ind1=" " ind2=" " tag="337"><subfield code="b">n</subfield><subfield code="2">rdamedia</subfield></datafield><datafield ind1=" " ind2=" " tag="338"><subfield code="b">nc</subfield><subfield code="2">rdacarrier</subfield></datafield><datafield ind1="1" ind2=" " tag="490"><subfield code="a">The Jerusalem-Harvard lectures</subfield></datafield><datafield ind1=" " ind2=" " tag="504"><subfield code="a">Includes index.</subfield></datafield><datafield ind1=" " ind2=" " tag="504"><subfield code="a">Notes bibliographiques : p. 141-170.</subfield></datafield><datafield ind1="3" ind2=" " tag="520"><subfield code="a">Jerome Bruner argues that the cognitive revolution, with its current fixation on mind as &quot;information processor; &quot; has led psychology away from the deeper objective of understanding mind as a creator of meanings. Only by breaking out of the limitations imposed by a computational model of mind can we grasp the special interaction through which mind both constitutes and is constituted by culture.</subfield></datafield><datafield ind1=" " ind2="7" tag="648"><subfield code="a">Geschichte</subfield><subfield code="2">idszbz</subfield></datafield><datafield ind1=" " ind2="7" tag="650"><subfield code="a">Cognition</subfield><subfield code="0">(IDREF)027223493</subfield><subfield code="2">idref</subfield></datafield><datafield ind1=" " ind2="7" tag="650"><subfield code="a">Culture</subfield><subfield code="0">(IDREF)027231429</subfield><subfield code="2">idref</subfield></datafield><datafield ind1=" " ind2="7" tag="650"><subfield code="a">Ethnopsychologie</subfield><subfield code="0">(IDREF)02745178X</subfield><subfield code="2">idref</subfield></datafield><datafield ind1=" " ind2="7" tag="650"><subfield code="a">Sens et sensations</subfield><subfield code="0">(IDREF)02735444X</subfield><subfield code="2">idref</subfield></datafield><datafield ind1=" " ind2="7" tag="650"><subfield code="a">Bedeutung</subfield><subfield code="2">idszbz</subfield></datafield><datafield ind1=" " ind2="7" tag="650"><subfield code="a">Kognitive Psychologie</subfield><subfield code="2">idszbz</subfield></datafield><datafield ind1=" " ind2="7" tag="650"><subfield code="a">Kulturpsychologie</subfield><subfield code="2">idszbz</subfield></datafield><datafield ind1=" " ind2="7" tag="650"><subfield code="a">Psychologie</subfield><subfield code="2">idszbz</subfield></datafield><datafield ind1=" " ind2="7" tag="650"><subfield code="a">Sinn</subfield><subfield code="2">idszbz</subfield></datafield><datafield ind1=" " ind2="7" tag="650"><subfield code="a">Theorie</subfield><subfield code="2">idszbz</subfield></datafield><datafield ind1=" " ind2="7" tag="650"><subfield code="a">Kulturpsychologie</subfield><subfield code="0">(DE-588)4033586-0</subfield><subfield code="2">gnd</subfield></datafield><datafield ind1=" " ind2="7" tag="650"><subfield code="a">Sinn</subfield><subfield code="0">(DE-588)4133154-0</subfield><subfield code="2">gnd</subfield></datafield><datafield ind1=" " ind2="7" tag="650"><subfield code="a">Geist</subfield><subfield code="0">(DE-588)4019830-3</subfield><subfield code="2">gnd</subfield></datafield><datafield ind1=" " ind2="7" tag="650"><subfield code="a">Bedeutung</subfield><subfield code="0">(DE-588)4005184-5</subfield><subfield code="2">gnd</subfield></datafield><datafield ind1=" " ind2="7" tag="650"><subfield code="a">Kognition</subfield><subfield code="0">(DE-588)4031630-0</subfield><subfield code="2">gnd</subfield></datafield><datafield ind1=" " ind2="7" tag="650"><subfield code="a">Kulturelle Entwicklung</subfield><subfield code="0">(DE-588)4165968-5</subfield><subfield code="2">gnd</subfield></datafield><datafield ind1=" " ind2="7" tag="650"><subfield code="a">Psycholinguistik</subfield><subfield code="0">(DE-588)4127537-8</subfield><subfield code="2">gnd</subfield></datafield><datafield ind1=" " ind2="7" tag="650"><subfield code="a">Psychologie</subfield><subfield code="0">(DE-588)4047704-6</subfield><subfield code="2">gnd</subfield></datafield><datafield ind1=" " ind2="0" tag="650"><subfield code="a">Cognition</subfield></datafield><datafield ind1=" " ind2="0" tag="650"><subfield code="a">Cognitive psychology</subfield></datafield><datafield ind1=" " ind2="0" tag="650"><subfield code="a">Cognitive psychology</subfield><subfield code="x">History</subfield></datafield><datafield ind1=" " ind2="0" tag="650"><subfield code="a">Ethnopsychology</subfield></datafield><datafield ind1=" " ind2="0" tag="650"><subfield code="a">Meaning (Psychology)</subfield></datafield><datafield ind1=" " ind2="0" tag="650"><subfield code="a">Psychology</subfield><subfield code="x">History and criticism</subfield></datafield><datafield ind1=" " ind2="7" tag="650"><subfield code="a">Kulturpsychologie</subfield><subfield code="2">idsbb</subfield></datafield><datafield ind1=" " ind2="7" tag="650"><subfield code="a">Denken</subfield><subfield code="0">(DE-588)4011450-8</subfield><subfield code="2">gnd</subfield></datafield><datafield ind1=" " ind2="7" tag="650"><subfield code="a">Ethnopsychologie</subfield><subfield code="0">(DE-588)4188478-4</subfield><subfield code="2">gnd</subfield></datafield><datafield ind1=" " ind2="7" tag="650"><subfield code="a">Kognitive Psychologie</subfield><subfield code="0">(DE-588)4073586-2</subfield><subfield code="2">gnd</subfield></datafield><datafield ind1=" " ind2="7" tag="650"><subfield code="a">Erkenntnisvermögen</subfield><subfield code="0">(DE-588)4152782-3</subfield><subfield code="2">gnd</subfield></datafield><datafield ind1=" " ind2="6" tag="650"><subfield code="a">Signification (Psychologie)</subfield></datafield><datafield ind1=" " ind2="6" tag="650"><subfield code="a">Cognition et culture</subfield></datafield><datafield ind1=" " ind2="7" tag="655"><subfield code="a">Kritische Darstellung</subfield><subfield code="2">idszbz</subfield></datafield><datafield ind1=" " ind2=" " tag="690"><subfield code="a">Wissenschaftstheorie</subfield><subfield code="2">uzb-UX</subfield></datafield><datafield ind1=" " ind2=" " tag="690"><subfield code="a">Kognitionspsychologie</subfield><subfield code="2">uzb-UX</subfield></datafield><datafield ind1=" " ind2=" " tag="690"><subfield code="a">Kultur</subfield><subfield code="2">uzb-UX</subfield></datafield><datafield ind1=" " ind2=" " tag="690"><subfield code="a">kognitive Entwicklung</subfield><subfield code="2">uzb-UX</subfield></datafield><datafield ind1=" " ind2=" " tag="690"><subfield code="a">151</subfield><subfield code="d">Sensation and perception - Empfindung und Wahrnehmung</subfield><subfield code="2">uzb-UI</subfield></datafield><datafield ind1=" " ind2=" " tag="690"><subfield code="a">121:150</subfield><subfield code="d">Theories: behavior processes and personality - Verhalten und Persönlichkeit</subfield><subfield code="2">uzb-UI</subfield></datafield><datafield ind1=" " ind2=" " tag="690"><subfield code="a">828</subfield><subfield code="d">Ethnopsychology - Ethnopsychologie</subfield><subfield code="2">uzb-UI</subfield></datafield><datafield ind1=" " ind2=" " tag="690"><subfield code="a">Cambridge; Psychologie; Autobiografie; Index; Instrument; Kultur; Alltag</subfield><subfield code="2">idssg-J</subfield></datafield><datafield ind1=" " ind2=" " tag="690"><subfield code="a">Alltagspsychologie</subfield><subfield code="2">idssg-J</subfield></datafield><datafield ind1=" " ind2=" " tag="690"><subfield code="a">richtig Study</subfield><subfield code="2">idssg-J</subfield></datafield><datafield ind1=" " ind2=" " tag="690"><subfield code="a">Massachusetts C1USA; Großbritannien C4EUUK; England C4EUUK; Vereinigte Staaten C1USA</subfield><subfield code="2">idssg-J</subfield></datafield><datafield ind1=" " ind2=" " tag="690"><subfield code="a">Bedeutung Harvard University; Cambridge Massachusetts London England; Jerome Bruner Acts</subfield><subfield code="2">idssg-J</subfield></datafield><datafield ind1=" " ind2=" " tag="691"><subfield code="e">150</subfield><subfield code="a">Psicologia</subfield><subfield code="2">usi-TE</subfield></datafield><datafield ind1="1" ind2=" " tag="700"><subfield code="a">Bruner, Jerome S.</subfield><subfield code="d">1915-2016</subfield><subfield code="0">(DE-588)118927051</subfield></datafield><datafield ind1="1" ind2=" " tag="700"><subfield code="a">Bruner, Jerome</subfield></datafield><datafield ind1="4" ind2=" " tag="856"><subfield code="3">Inhaltsverzeichnis</subfield><subfield code="u">http://www.ub.unibas.ch/tox/HBZ/HT003778387/PDF</subfield><subfield code="q">pdf</subfield></datafield><datafield ind1=" " ind2=" " tag="830"><subfield code="a">&lt;&lt;The&gt;&gt; Jerusalem-Harvard lectures</subfield><subfield code="w">(RERO)1121519-41slsp</subfield></datafield><datafield ind1=" " ind2=" " tag="900"><subfield code="a">REROnoselfmerge</subfield></datafield><datafield ind1=" " ind2=" " tag="900"><subfield code="a">IDSE5E87ANH-2005</subfield></datafield><datafield ind1=" " ind2=" " tag="949"><subfield code="a">http://www.ub.unibas.ch/tox/HBZ/HT003778387/PDF</subfield></datafield><datafield ind1=" " ind2=" " tag="993"><subfield code="a">BFLA 55426</subfield><subfield code="x">ge/ulit/a/92/505</subfield><subfield code="9">LOCAL</subfield></datafield></record>
</metadata></record>