<record><header><identifier>oai:alma.41SLSP_UGE:991000001859705502</identifier><datestamp>2024-04-11T00:27:52Z</datestamp><setSpec>uge_bcen_RapidILL_BOOK</setSpec><setSpec>uge_aaca_RapidILL_BOOK</setSpec><setSpec>uge_abels_RapidILL_BOOK</setSpec><setSpec>uge_dbu_RapidILL_BOOK</setSpec><setSpec>uge_cmu_RapidILL_BOOK</setSpec><setSpec>uge_mail_RapidILL_BOOK</setSpec><setSpec>uge_abbat_RapidILL_BOOK</setSpec><setSpec>UNIGE_ALL</setSpec><setSpec>uge_aobs_RapidILL_BOOK</setSpec><setSpec>uge_acar_RapidILL_BOOK</setSpec></header><metadata>
<record xmlns="http://www.loc.gov/MARC21/slim" xmlns:xsi="http://www.w3.org/2001/XMLSchema-instance" xsi:schemaLocation="http://www.loc.gov/MARC21/slim http://www.loc.gov/standards/marcxml/schema/MARC21slim.xsd"><leader>06527nam a2201105 c 4500</leader><controlfield tag="001">991000001859705502</controlfield><controlfield tag="005">20240410141101.0</controlfield><controlfield tag="008">201011s2010    sz ||||| |||| 10| ||ger d</controlfield><datafield ind1=" " ind2=" " tag="019"><subfield code="a">Notices analytiques</subfield><subfield code="5">RERO/geubfd/06.2010</subfield></datafield><datafield ind1=" " ind2=" " tag="020"><subfield code="a">9783908185871</subfield><subfield code="q">broschiert</subfield><subfield code="c">sfr. (exkl MWST): 115.00</subfield></datafield><datafield ind1=" " ind2=" " tag="035"><subfield code="a">(swissbib)230539262-41slsp_network</subfield></datafield><datafield ind1=" " ind2=" " tag="035"><subfield code="a">230539262</subfield><subfield code="9">ExL</subfield></datafield><datafield ind1=" " ind2=" " tag="035"><subfield code="a">(RERO)R005448798-41slsp</subfield></datafield><datafield ind1=" " ind2=" " tag="035"><subfield code="a">(IDSSG)000512827HSB01</subfield></datafield><datafield ind1=" " ind2=" " tag="035"><subfield code="a">(IDSLU)000896911ILU01</subfield></datafield><datafield ind1=" " ind2=" " tag="035"><subfield code="a">(IDSBB)005246006DSV01</subfield></datafield><datafield ind1=" " ind2=" " tag="035"><subfield code="a">(NEBIS)006054273EBI01</subfield></datafield><datafield ind1=" " ind2=" " tag="035"><subfield code="a">(ALEX)bv001447955</subfield></datafield><datafield ind1=" " ind2=" " tag="035"><subfield code="a">(EXLNZ-41SLSP_NETWORK)991020188219705501</subfield></datafield><datafield ind1=" " ind2=" " tag="040"><subfield code="a">RERO iftfla</subfield><subfield code="d">CH-ZuSLS</subfield></datafield><datafield ind1="0" ind2=" " tag="041"><subfield code="a">ger</subfield><subfield code="a">fre</subfield></datafield><datafield ind1=" " ind2=" " tag="044"><subfield code="a">sz</subfield><subfield code="c">ch-sg</subfield></datafield><datafield ind1=" " ind2="7" tag="072"><subfield code="a">dr</subfield><subfield code="2">rero</subfield></datafield><datafield ind1=" " ind2="7" tag="072"><subfield code="a">807</subfield><subfield code="2">IDS LU</subfield></datafield><datafield ind1=" " ind2="7" tag="072"><subfield code="a">rw</subfield><subfield code="2">SzZuIDS BS/BE</subfield></datafield><datafield ind1="0" ind2="4" tag="082"><subfield code="a">344.49404197</subfield><subfield code="2">22/ger</subfield></datafield><datafield ind1="0" ind2="4" tag="082"><subfield code="a">340</subfield></datafield><datafield ind1="1" ind2="4" tag="082"><subfield code="a">340</subfield><subfield code="2">15</subfield></datafield><datafield ind1=" " ind2=" " tag="084"><subfield code="a">CA/CH 58.1 e</subfield><subfield code="2">cjurrom</subfield></datafield><datafield ind1=" " ind2=" " tag="084"><subfield code="a">A 12 e</subfield><subfield code="2">cjurrom</subfield></datafield><datafield ind1=" " ind2=" " tag="084"><subfield code="a">CA/CH 89.1 e</subfield><subfield code="2">cjurrom</subfield></datafield><datafield ind1=" " ind2=" " tag="084"><subfield code="a">PH 3850</subfield><subfield code="2">rvk</subfield></datafield><datafield ind1=" " ind2=" " tag="084"><subfield code="a">PH 6114</subfield><subfield code="2">rvk</subfield></datafield><datafield ind1=" " ind2=" " tag="084"><subfield code="a">PI 4530</subfield><subfield code="2">rvk</subfield></datafield><datafield ind1="0" ind2="0" tag="245"><subfield code="a">Sterbehilfe im Fokus der Gesetzgebung</subfield><subfield code="b">Referate der Tagung vom 04.09.2008 im Kongresshaus Zürich</subfield><subfield code="c">Frank Th. Petermann (Hrsg.) ; mit Beiträgen von Andreas Brunner ... [et al.]</subfield></datafield><datafield ind1=" " ind2="1" tag="264"><subfield code="a">St. Gallen</subfield><subfield code="b">Institut für Rechtswissenschaft und Rechtspraxis</subfield><subfield code="c">2010</subfield></datafield><datafield ind1=" " ind2=" " tag="300"><subfield code="a">384 S.</subfield><subfield code="c">23 cm</subfield></datafield><datafield ind1=" " ind2=" " tag="336"><subfield code="b">txt</subfield><subfield code="2">rdacontent</subfield></datafield><datafield ind1=" " ind2=" " tag="337"><subfield code="b">n</subfield><subfield code="2">rdamedia</subfield></datafield><datafield ind1=" " ind2=" " tag="338"><subfield code="b">nc</subfield><subfield code="2">rdacarrier</subfield></datafield><datafield ind1="1" ind2=" " tag="490"><subfield code="a">Schriftenreihe des Instituts für Rechtswissenschaft und Rechtspraxis IRP-HSG</subfield><subfield code="v">Bd. 66</subfield></datafield><datafield ind1=" " ind2=" " tag="500"><subfield code="a">Referate der Tagung vom 4.9.2008 im Kongresshaus Zürich. - 1 Beitrag in Franz.</subfield></datafield><datafield ind1=" " ind2=" " tag="500"><subfield code="a">Beitr. überwiegend dt., ein Beitr. franz.</subfield></datafield><datafield ind1=" " ind2=" " tag="500"><subfield code="a">Text überwiegend deutsch, 1 Beitr. franz.</subfield></datafield><datafield ind1=" " ind2=" " tag="504"><subfield code="a">Literaturverz.</subfield></datafield><datafield ind1=" " ind2="7" tag="650"><subfield code="a">Euthanasie</subfield><subfield code="9">ger</subfield><subfield code="0">(RERO)jurivoc000007798ger</subfield><subfield code="2">jurivoc</subfield></datafield><datafield ind1=" " ind2="7" tag="650"><subfield code="a">Suizid</subfield><subfield code="9">ger</subfield><subfield code="0">(RERO)jurivoc000022044ger</subfield><subfield code="2">jurivoc</subfield></datafield><datafield ind1=" " ind2="7" tag="650"><subfield code="a">Aide au suicide</subfield><subfield code="0">(IDREF)035029463</subfield><subfield code="2">idref</subfield></datafield><datafield ind1=" " ind2="7" tag="650"><subfield code="a">discernement</subfield><subfield code="0">(RERO)A009983611</subfield><subfield code="2">rerovoc</subfield></datafield><datafield ind1=" " ind2="7" tag="650"><subfield code="a">Droit à la mort</subfield><subfield code="0">(IDREF)027232425</subfield><subfield code="2">idref</subfield></datafield><datafield ind1=" " ind2="7" tag="650"><subfield code="a">Euthanasie</subfield><subfield code="0">(IDREF)027594912</subfield><subfield code="2">idref</subfield></datafield><datafield ind1=" " ind2="7" tag="650"><subfield code="a">Droit pénal</subfield><subfield code="0">(IDREF)027466892</subfield><subfield code="2">idref</subfield></datafield><datafield ind1=" " ind2="7" tag="650"><subfield code="a">devoir professionnel</subfield><subfield code="0">(RERO)A009982502</subfield><subfield code="2">rerovoc</subfield></datafield><datafield ind1=" " ind2="7" tag="650"><subfield code="a">droit pénal - révision</subfield><subfield code="0">(RERO)A010075846</subfield><subfield code="2">rerovoc</subfield></datafield><datafield ind1=" " ind2="7" tag="650"><subfield code="a">Relations médecin-patient</subfield><subfield code="0">(IDREF)027369072</subfield><subfield code="2">idref</subfield></datafield><datafield ind1=" " ind2="7" tag="650"><subfield code="a">Euthanasie</subfield><subfield code="x">Recht</subfield><subfield code="z">Schweiz</subfield><subfield code="v">Kongressbericht</subfield><subfield code="2">idsbb</subfield></datafield><datafield ind1=" " ind2="7" tag="650"><subfield code="a">Sterbehilfe</subfield><subfield code="2">zbz</subfield></datafield><datafield ind1=" " ind2="7" tag="650"><subfield code="a">Sterbehilfe</subfield><subfield code="0">(DE-588)4077877-0</subfield><subfield code="2">gnd</subfield></datafield><datafield ind1=" " ind2="7" tag="650"><subfield code="a">Sterbehilfe</subfield><subfield code="2">idszbz</subfield></datafield><datafield ind1=" " ind2="7" tag="650"><subfield code="a">Recht</subfield><subfield code="0">(DE-588)4048737-4</subfield><subfield code="2">gnd</subfield></datafield><datafield ind1=" " ind2="7" tag="650"><subfield code="a">Psychiatrie</subfield><subfield code="0">(DE-588)4047667-4</subfield><subfield code="2">gnd</subfield></datafield><datafield ind1=" " ind2="7" tag="650"><subfield code="a">Psychoanalyse</subfield><subfield code="0">(DE-588)4047689-3</subfield><subfield code="2">gnd</subfield></datafield><datafield ind1=" " ind2="7" tag="650"><subfield code="a">Kongress</subfield><subfield code="0">(DE-588)4130470-6</subfield><subfield code="2">gnd</subfield></datafield><datafield ind1=" " ind2="7" tag="650"><subfield code="a">Recht</subfield><subfield code="2">idszbz</subfield></datafield><datafield ind1=" " ind2="0" tag="650"><subfield code="a">Assisted suicide</subfield><subfield code="x">Law and legislation</subfield><subfield code="z">Switzerland</subfield></datafield><datafield ind1=" " ind2="0" tag="650"><subfield code="a">Assisted suicide</subfield><subfield code="x">Law and legislation</subfield><subfield code="z">Switzerland</subfield><subfield code="x">Criminal provisions</subfield></datafield><datafield ind1=" " ind2="7" tag="651"><subfield code="a">Schweiz</subfield><subfield code="9">ger</subfield><subfield code="0">(RERO)jurivoc000019912ger</subfield><subfield code="2">jurivoc</subfield></datafield><datafield ind1=" " ind2="7" tag="651"><subfield code="a">Suisse</subfield><subfield code="0">(IDREF)027249654</subfield><subfield code="2">idref</subfield></datafield><datafield ind1=" " ind2="7" tag="651"><subfield code="a">Schweiz</subfield><subfield code="2">zbz</subfield></datafield><datafield ind1=" " ind2="7" tag="651"><subfield code="a">Schweiz</subfield><subfield code="0">(DE-588)4053881-3</subfield><subfield code="2">gnd</subfield></datafield><datafield ind1=" " ind2="7" tag="651"><subfield code="a">Schweiz</subfield><subfield code="2">idszbz</subfield></datafield><datafield ind1=" " ind2="7" tag="655"><subfield code="a">Konferenzschrift</subfield><subfield code="z">Zürich</subfield><subfield code="y">2008</subfield><subfield code="2">gnd-content</subfield></datafield><datafield ind1=" " ind2="7" tag="655"><subfield code="a">Konferenzschrift</subfield><subfield code="2">gnd-content</subfield></datafield><datafield ind1=" " ind2="7" tag="655"><subfield code="a">Aufsatzsammlung</subfield><subfield code="2">idszbz</subfield></datafield><datafield ind1=" " ind2=" " tag="690"><subfield code="a">Verzeichnis; Kongress; Brunner; Dahl; Fähigkeit; Urteil; Beihilfe; Gesetzgebung; I; Regelung; Tod; Literatur; Ethik; Aspekt; Brennpunkt; Thorium; Abwehr; Haus; Kreuz; Planung; Übersicht</subfield><subfield code="2">idssg-J</subfield></datafield><datafield ind1=" " ind2=" " tag="690"><subfield code="a">Petermann; Sterbehilfe; Abkürzungsverzeichnis; Autorenverzeichnis; Literaturverzeichnis; Materialienverzeichnis; Suizidbeihilfe; Todeswunsch; Urteilsfähigkeit; Gesetzgebungsprojekt; Todesfall; Urteilsbesprechung; Natrium-Pentobarbital; Gesichtspunkt; Graubereich; Inhaltsübersicht; Kongresshaus</subfield><subfield code="2">idssg-J</subfield></datafield><datafield ind1=" " ind2=" " tag="690"><subfield code="a">persönliche Abwehr; assistierter Suizid; außergewöhnlicher Todesfall; geltende Regelung; gesetzliche Vorgabe; institutionelle Abwehr; juristischer Aspekt; kritische Überlegung; legistisch Rubik; psychiatrische Sicht</subfield><subfield code="2">idssg-J</subfield></datafield><datafield ind1=" " ind2=" " tag="690"><subfield code="a">Schweiz C4EXSI</subfield><subfield code="2">idssg-J</subfield></datafield><datafield ind1=" " ind2=" " tag="690"><subfield code="a">Abwehr Dr.phil. Wolfgang Schmidbauer Graubereiche; Aide suicide face aux; Dr.iur. ANDREAS BRUNNER; Dr.iur. ANDREAS BRUNNER Assistierter Suizid; Dr.iur. Andreas Brunner; Dr.iur. Andreas Brunner Dr.phil. Edgar Dahl Dr.med. FMH MARIO GmÜR; Dr.iur. MlCHEL HOTTELIER; Dr.iur. PETRA VENETZ; Dr.med. FMH MARIO GMÜR Feststellung; Dr.phil. Edgar Dahl; Dr.phil. Wolfgang Schmidbauer; juristisch Aspekte Dr.iur. PETRA VENETZ; Kongresshaus Zürich St. Gallen; Mario GMÜR; Mario GmÜR; Martin SCHUBARTH; Petermann Dr.phil. Wolfgang Schmidbauer; Petermann Dr.phil. Wolfgang Schmidbauer Prof. Dr.iur. MARTIN SCHUBARTH Dr.iur. PETRA VENETZ; Prof. Dr.iur. MARTIN SCHUBARTH Anhang; Prof. Dr.iur. MlCHEL HOTTELIER</subfield><subfield code="2">idssg-J</subfield></datafield><datafield ind1=" " ind2=" " tag="691"><subfield code="e">PC 58.1 CH</subfield><subfield code="2">rzs-L1</subfield></datafield><datafield ind1=" " ind2=" " tag="691"><subfield code="e">PC 89.1 CH</subfield><subfield code="2">rzs-L1</subfield></datafield><datafield ind1=" " ind2=" " tag="691"><subfield code="e">PC 65 CH</subfield><subfield code="2">rzs-L1</subfield></datafield><datafield ind1="1" ind2=" " tag="700"><subfield code="a">Petermann, Frank Thomas</subfield><subfield code="d">1967-</subfield><subfield code="0">(DE-588)118054155</subfield><subfield code="6">880-02</subfield></datafield><datafield ind1="1" ind2=" " tag="880"><subfield code="6">700-02</subfield><subfield code="a">Petermann, Frank Thomas</subfield><subfield code="d">1967-....</subfield><subfield code="0">(IDREF)256916608</subfield></datafield><datafield ind1="1" ind2=" " tag="700"><subfield code="a">Brunner, Andreas</subfield><subfield code="d">1949-....</subfield><subfield code="0">(IDREF)261838253</subfield></datafield><datafield ind1="2" ind2=" " tag="710"><subfield code="a">Universität St. Gallen</subfield><subfield code="b">Institut für Rechtswissenschaft und Rechtspraxis</subfield><subfield code="0">(DE-588)10022858-6</subfield></datafield><datafield ind1="2" ind2=" " tag="710"><subfield code="a">Institut für Rechtswissenschaft und Rechtspraxis (Sankt Gallen)</subfield><subfield code="b">Tagung</subfield><subfield code="d">2008</subfield><subfield code="c">Zürich</subfield><subfield code="0">(RERO)A017374587</subfield></datafield><datafield ind1="4" ind2=" " tag="856"><subfield code="3">Titelblatt und Inhaltsverzeichnis</subfield><subfield code="u">https://toc.library.ethz.ch/objects/pdf/z16_978-3-908185-87-1_01.pdf</subfield><subfield code="q">pdf</subfield></datafield><datafield ind1="2" ind2=" " tag="810"><subfield code="a">Universität St. Gallen</subfield><subfield code="b">Institut für Rechtswissenschaft und Rechtspraxis</subfield><subfield code="t">Schriftenreihe des Instituts für Rechtswissenschaft und Rechtspraxis</subfield><subfield code="v">66</subfield><subfield code="w">(IDSLU)000217938ILU01</subfield></datafield><datafield ind1=" " ind2="0" tag="830"><subfield code="a">Schriftenreihe des Instituts für Rechtswissenschaft und Rechtspraxis</subfield><subfield code="v">66</subfield><subfield code="w">(IDSSG)000232932HSB01</subfield></datafield><datafield ind1=" " ind2="0" tag="830"><subfield code="a">Schriftenreihe des Instituts für Rechtswissenschaft und Rechtspraxis</subfield><subfield code="v">66</subfield><subfield code="w">(RERO)R003051078-41slsp</subfield></datafield><datafield ind1=" " ind2="0" tag="830"><subfield code="a">Schriftenreihe des Instituts für Rechtswissenschaft und Rechtspraxis, Universität St. Gallen</subfield><subfield code="v">66</subfield><subfield code="w">(ALEX)bv9925931304501791</subfield></datafield><datafield ind1=" " ind2=" " tag="900"><subfield code="a">IDSZ2rwimon201005e</subfield><subfield code="c">IDSZ2buche 100511</subfield><subfield code="d">IDSZ2rwiswk201006b</subfield><subfield code="e">IDSZ2rohn</subfield></datafield><datafield ind1=" " ind2=" " tag="900"><subfield code="a">IDSZ2zbzmon201009l</subfield><subfield code="c">IDSZ2knec</subfield><subfield code="d">IDSZ2zbzswk201009u</subfield><subfield code="e">IDSZ2bruu</subfield></datafield><datafield ind1=" " ind2=" " tag="900"><subfield code="a">IDSE5E50ANH-2010</subfield></datafield><datafield ind1=" " ind2=" " tag="949"><subfield code="a">https://toc.library.ethz.ch/objects/pdf/z16_978-3-908185-87-1_01.pdf</subfield></datafield></record>
</metadata></record>