<record><header><identifier>oai:alma.41SLSP_UGE:991000001569705502</identifier><datestamp>2024-03-15T01:21:12Z</datestamp><setSpec>uge_bcen_RapidILL_BOOK</setSpec><setSpec>uge_aaca_RapidILL_BOOK</setSpec><setSpec>uge_abels_RapidILL_BOOK</setSpec><setSpec>uge_dbu_RapidILL_BOOK</setSpec><setSpec>uge_cmu_RapidILL_BOOK</setSpec><setSpec>uge_mail_RapidILL_BOOK</setSpec><setSpec>uge_abbat_RapidILL_BOOK</setSpec><setSpec>UNIGE_ALL</setSpec><setSpec>uge_acar_RapidILL_BOOK</setSpec><setSpec>uge_aobs_RapidILL_BOOK</setSpec></header><metadata>
<record xmlns="http://www.loc.gov/MARC21/slim" xmlns:xsi="http://www.w3.org/2001/XMLSchema-instance" xsi:schemaLocation="http://www.loc.gov/MARC21/slim http://www.loc.gov/standards/marcxml/schema/MARC21slim.xsd"><leader>01089naa a2200265 c 4500</leader><controlfield tag="001">991000001569705502</controlfield><controlfield tag="005">20230205213917.0</controlfield><controlfield tag="008">190121s2018    sz ||||| |||| 00| |0fre d</controlfield><datafield ind1=" " ind2=" " tag="035"><subfield code="a">(swissbib)125411065-41slsp_network</subfield></datafield><datafield ind1=" " ind2=" " tag="035"><subfield code="a">125411065</subfield><subfield code="9">ExL</subfield></datafield><datafield ind1=" " ind2=" " tag="035"><subfield code="a">(RERO)R008887444-41slsp</subfield></datafield><datafield ind1=" " ind2=" " tag="035"><subfield code="a">(EXLNZ-41SLSP_NETWORK)991022105019705501</subfield></datafield><datafield ind1=" " ind2=" " tag="040"><subfield code="a">RERO geuchr</subfield><subfield code="d">CH-ZuSLS</subfield></datafield><datafield ind1=" " ind2=" " tag="044"><subfield code="a">sz</subfield><subfield code="c">ch-ge</subfield></datafield><datafield ind1=" " ind2="7" tag="072"><subfield code="a">ph</subfield><subfield code="2">rero</subfield></datafield><datafield ind1="1" ind2=" " tag="100"><subfield code="a">Pellegrin, Marie-Frédérique</subfield><subfield code="c">maîtresse de conférences à l'Université Jean Moulin de Lyon 3</subfield><subfield code="d">19..-....</subfield><subfield code="0">(IDREF)035668709</subfield><subfield code="4">cre</subfield></datafield><datafield ind1="1" ind2="0" tag="245"><subfield code="a">Rôles de la religion dans le combat féministe du philosophe Poulain de la Barre (1647-1723)</subfield><subfield code="c">Marie-Frédérique Pellegrin</subfield></datafield><datafield ind1=" " ind2=" " tag="336"><subfield code="b">txt</subfield><subfield code="2">rdacontent</subfield></datafield><datafield ind1=" " ind2=" " tag="337"><subfield code="b">n</subfield><subfield code="2">rdamedia</subfield></datafield><datafield ind1=" " ind2=" " tag="338"><subfield code="b">nc</subfield><subfield code="2">rdacarrier</subfield></datafield><datafield ind1=" " ind2=" " tag="580"><subfield code="a">In: Bulletin annuel / Institut d'histoire de la Réformation. - Genève. - 39(2017-2018), p. 47-70</subfield></datafield><datafield ind1="1" ind2="7" tag="600"><subfield code="a">Poullain de La Barre, François</subfield><subfield code="d">1647-1725</subfield><subfield code="0">(IDREF)031968961</subfield><subfield code="2">idref</subfield></datafield><datafield ind1=" " ind2="7" tag="650"><subfield code="a">Féminisme</subfield><subfield code="0">(IDREF)027320596</subfield><subfield code="2">idref</subfield></datafield><datafield ind1=" " ind2="7" tag="650"><subfield code="a">Religion</subfield><subfield code="0">(IDREF)027636895</subfield><subfield code="2">idref</subfield></datafield><datafield ind1="0" ind2=" " tag="773"><subfield code="t">Rapport d'activité / Institut d'histoire de la Réformation</subfield><subfield code="g">39/47</subfield><subfield code="w">(RERO)2226026-41slsp</subfield></datafield><datafield ind1=" " ind2=" " tag="900"><subfield code="a">REROnoselfmerge</subfield></datafield></record>
</metadata></record>