<record><header><identifier>oai:alma.41SLSP_UGE:991000001359705502</identifier><datestamp>2024-07-20T00:50:35Z</datestamp><setSpec>uge_bcen_RapidILL_BOOK</setSpec><setSpec>uge_aaca_RapidILL_BOOK</setSpec><setSpec>uge_abels_RapidILL_BOOK</setSpec><setSpec>uge_dbu_RapidILL_BOOK</setSpec><setSpec>uge_cmu_RapidILL_BOOK</setSpec><setSpec>uge_mail_RapidILL_BOOK</setSpec><setSpec>uge_abbat_RapidILL_BOOK</setSpec><setSpec>UNIGE_ALL</setSpec><setSpec>uge_aobs_RapidILL_BOOK</setSpec><setSpec>uge_acar_RapidILL_BOOK</setSpec></header><metadata>
<record xmlns="http://www.loc.gov/MARC21/slim" xmlns:xsi="http://www.w3.org/2001/XMLSchema-instance" xsi:schemaLocation="http://www.loc.gov/MARC21/slim http://www.loc.gov/standards/marcxml/schema/MARC21slim.xsd"><leader>03827nam a2200793 c 4500</leader><controlfield tag="001">991000001359705502</controlfield><controlfield tag="005">20230314201348.0</controlfield><controlfield tag="008">201011s2013    sz            00| i ger  </controlfield><datafield ind1=" " ind2=" " tag="035"><subfield code="a">(swissbib)227965485-41slsp_network</subfield></datafield><datafield ind1=" " ind2=" " tag="035"><subfield code="a">227965485</subfield><subfield code="9">ExL</subfield></datafield><datafield ind1=" " ind2=" " tag="035"><subfield code="a">(NEBIS)010042371EBI01</subfield></datafield><datafield ind1=" " ind2=" " tag="035"><subfield code="a">(IDSLU)001130680ILU01</subfield></datafield><datafield ind1=" " ind2=" " tag="035"><subfield code="a">(RERO)R007599794-41slsp</subfield></datafield><datafield ind1=" " ind2=" " tag="035"><subfield code="a">(EXLNZ-41SLSP_NETWORK)991065220569705501</subfield></datafield><datafield ind1=" " ind2=" " tag="040"><subfield code="a">SzZuIDS NEBIS ZBZ</subfield><subfield code="d">CH-ZuSLS</subfield></datafield><datafield ind1="0" ind2=" " tag="041"><subfield code="a">ger</subfield><subfield code="a">eng</subfield><subfield code="a">fre</subfield></datafield><datafield ind1=" " ind2=" " tag="044"><subfield code="a">sz</subfield><subfield code="c">ch-ow</subfield></datafield><datafield ind1=" " ind2="7" tag="072"><subfield code="a">260</subfield><subfield code="2">IDS LU</subfield></datafield><datafield ind1=" " ind2="7" tag="072"><subfield code="a">bo</subfield><subfield code="2">rero</subfield></datafield><datafield ind1=" " ind2="7" tag="072"><subfield code="a">ht</subfield><subfield code="2">rero</subfield></datafield><datafield ind1=" " ind2=" " tag="084"><subfield code="a">WB 2420</subfield><subfield code="2">rvk</subfield></datafield><datafield ind1=" " ind2=" " tag="084"><subfield code="a">WB 3181</subfield><subfield code="2">rvk</subfield></datafield><datafield ind1="1" ind2=" " tag="100"><subfield code="a">Heer, Oswald</subfield><subfield code="d">1809-1883</subfield><subfield code="0">(DE-588)11656508X</subfield></datafield><datafield ind1="1" ind2="0" tag="245"><subfield code="a">&lt;&lt;Der&gt;&gt; Paläobotaniker Oswald Heer im Briefwechsel mit Charles Darwin und Charles Lyell</subfield><subfield code="c">Urs B. Leu</subfield></datafield><datafield ind1=" " ind2="1" tag="264"><subfield code="a">Alpnach Dorf</subfield><subfield code="b">Koprint</subfield><subfield code="c">2013</subfield></datafield><datafield ind1=" " ind2=" " tag="300"><subfield code="a">88 p.</subfield><subfield code="b">ill.</subfield><subfield code="c">22 cm</subfield></datafield><datafield ind1=" " ind2=" " tag="336"><subfield code="b">txt</subfield><subfield code="2">rdacontent</subfield></datafield><datafield ind1=" " ind2=" " tag="337"><subfield code="b">n</subfield><subfield code="2">rdamedia</subfield></datafield><datafield ind1=" " ind2=" " tag="338"><subfield code="b">nc</subfield><subfield code="2">rdacarrier</subfield></datafield><datafield ind1="1" ind2=" " tag="490"><subfield code="a">Neujahrsblatt / hrsg. von der Naturforschenden Gesellschaft in Zürich auf das Jahr ...</subfield><subfield code="v">Stück 216, 2014</subfield></datafield><datafield ind1="1" ind2=" " tag="490"><subfield code="a">Vierteljahrsschrift der Naturforschenden Gesellschaft in Zürich</subfield><subfield code="v">158</subfield></datafield><datafield ind1=" " ind2=" " tag="500"><subfield code="a">Veröffentlichung der Naturforschenden Gesellschaft in Zürich im Anschluss an den Jahrgang 158 der Vierteljahrsschrift der Naturforschenden Gesellschaft in Zürich</subfield></datafield><datafield ind1=" " ind2=" " tag="500"><subfield code="a">Text der Briefe dt., engl. oder franz.</subfield></datafield><datafield ind1="1" ind2="7" tag="600"><subfield code="a">Heer, Oswald</subfield><subfield code="d">1809-1883</subfield><subfield code="0">(DE-588)11656508X</subfield><subfield code="2">gnd</subfield></datafield><datafield ind1="1" ind2="7" tag="600"><subfield code="a">Darwin, Charles</subfield><subfield code="d">1809-1882</subfield><subfield code="0">(DE-588)118523813</subfield><subfield code="2">gnd</subfield></datafield><datafield ind1="1" ind2="7" tag="600"><subfield code="a">Lyell, Charles</subfield><subfield code="d">1797-1875</subfield><subfield code="0">(DE-588)118575538</subfield><subfield code="2">gnd</subfield></datafield><datafield ind1="1" ind2="7" tag="600"><subfield code="a">Heer, Oswald</subfield><subfield code="c">paléobotaniste</subfield><subfield code="d">1809-1883</subfield><subfield code="0">(IDREF)076319733</subfield><subfield code="2">idref</subfield></datafield><datafield ind1="1" ind2="7" tag="600"><subfield code="a">Darwin, Charles</subfield><subfield code="c">géologue</subfield><subfield code="d">1809-1882</subfield><subfield code="0">(IDREF)026812304</subfield><subfield code="2">idref</subfield></datafield><datafield ind1="1" ind2="7" tag="600"><subfield code="a">Lyell, Charles</subfield><subfield code="c">Sir</subfield><subfield code="d">1797-1875</subfield><subfield code="0">(IDREF)033715459</subfield><subfield code="2">idref</subfield></datafield><datafield ind1=" " ind2="7" tag="650"><subfield code="a">BRIEFE + BRIEFWECHSEL (DOKUMENTENTYP)</subfield><subfield code="9">ger</subfield><subfield code="0">(ETHUDK)000000092</subfield><subfield code="2">ethudk</subfield></datafield><datafield ind1=" " ind2="7" tag="650"><subfield code="a">EVOLUTION (BIOLOGIE)</subfield><subfield code="9">ger</subfield><subfield code="0">(ETHUDK)000021555</subfield><subfield code="2">ethudk</subfield></datafield><datafield ind1=" " ind2="7" tag="650"><subfield code="a">NATURWISSENSCHAFTSGESCHICHTE</subfield><subfield code="9">ger</subfield><subfield code="0">(ETHUDK)000041517</subfield><subfield code="2">ethudk</subfield></datafield><datafield ind1=" " ind2="7" tag="650"><subfield code="a">NEUNZEHNTES JAHRHUNDERT N. CHR.</subfield><subfield code="9">ger</subfield><subfield code="0">(ETHUDK)000008906</subfield><subfield code="2">ethudk</subfield></datafield><datafield ind1=" " ind2="7" tag="650"><subfield code="a">PALÄOBOTANIK</subfield><subfield code="9">ger</subfield><subfield code="0">(ETHUDK)000020895</subfield><subfield code="2">ethudk</subfield></datafield><datafield ind1=" " ind2="7" tag="650"><subfield code="a">Paläobotanik</subfield><subfield code="0">(DE-588)4044361-9</subfield><subfield code="2">gnd</subfield></datafield><datafield ind1=" " ind2="7" tag="650"><subfield code="a">Paléobotanique</subfield><subfield code="0">(IDREF)027245500</subfield><subfield code="2">idref</subfield></datafield><datafield ind1=" " ind2="7" tag="650"><subfield code="a">Correspondance</subfield><subfield code="0">(IDREF)027490122</subfield><subfield code="2">idref</subfield></datafield><datafield ind1=" " ind2="7" tag="655"><subfield code="a">Briefsammlung</subfield><subfield code="2">gnd-content</subfield></datafield><datafield ind1=" " ind2=" " tag="690"><subfield code="a">920 HEE</subfield><subfield code="d">Biographie Oswald Heer</subfield><subfield code="2">uzb-UE</subfield></datafield><datafield ind1=" " ind2=" " tag="690"><subfield code="a">920 DAR</subfield><subfield code="d">Biographie Charles Darwin</subfield><subfield code="2">uzb-UE</subfield></datafield><datafield ind1=" " ind2=" " tag="690"><subfield code="a">067</subfield><subfield code="d">Paläobotanik</subfield><subfield code="2">uzb-UJ</subfield></datafield><datafield ind1=" " ind2=" " tag="690"><subfield code="a">004</subfield><subfield code="d">Geschichte der Geographie, Wissenschaftsgeschichte</subfield><subfield code="2">uzb-UJ</subfield></datafield><datafield ind1=" " ind2=" " tag="690"><subfield code="a">006</subfield><subfield code="d">Biographien, Festschriften</subfield><subfield code="2">uzb-UJ</subfield></datafield><datafield ind1=" " ind2=" " tag="690"><subfield code="a">Heer, Oswald (1809-1883)</subfield><subfield code="2">rzh-UA</subfield></datafield><datafield ind1=" " ind2=" " tag="690"><subfield code="a">Botanik</subfield><subfield code="2">rzh-UA</subfield></datafield><datafield ind1=" " ind2=" " tag="690"><subfield code="a">Brief</subfield><subfield code="2">rzh-UA</subfield></datafield><datafield ind1="1" ind2=" " tag="700"><subfield code="a">Leu, Urs B.</subfield><subfield code="d">1961-</subfield><subfield code="0">(DE-588)121204219</subfield><subfield code="6">880-02</subfield></datafield><datafield ind1="1" ind2=" " tag="880"><subfield code="6">700-02</subfield><subfield code="a">Leu, Urs Bernhard</subfield><subfield code="d">1961-....</subfield><subfield code="0">(IDREF)077256603</subfield><subfield code="4">cre</subfield></datafield><datafield ind1="1" ind2=" " tag="700"><subfield code="a">Darwin, Charles</subfield><subfield code="d">1809-1882</subfield><subfield code="0">(DE-588)118523813</subfield></datafield><datafield ind1="1" ind2=" " tag="700"><subfield code="a">Lyell, Charles</subfield><subfield code="d">1797-1875</subfield><subfield code="0">(DE-588)118575538</subfield></datafield><datafield ind1="4" ind2=" " tag="856"><subfield code="3">Titelblatt und Inhaltsverzeichnis</subfield><subfield code="u">https://toc.library.ethz.ch/objects/pdf03/z01_010042371_01.pdf</subfield><subfield code="q">pdf</subfield></datafield><datafield ind1=" " ind2=" " tag="830"><subfield code="a">Vierteljahrsschrift der Naturforschenden Gesellschaft in Zürich</subfield><subfield code="v">158</subfield><subfield code="w">(RERO)0289891-41slsp</subfield></datafield><datafield ind1=" " ind2=" " tag="830"><subfield code="a">Neujahrsblatt herausgegeben von der Naturforschenden Gesellschaft in Zürich auf das Jahr</subfield><subfield code="v">2013 = 216</subfield><subfield code="w">(RERO)0292436-41slsp</subfield></datafield><datafield ind1=" " ind2=" " tag="830"><subfield code="a">Neujahrsblatt</subfield><subfield code="v">216</subfield><subfield code="w">(NEBIS)000038346EBI01</subfield></datafield><datafield ind1=" " ind2=" " tag="830"><subfield code="a">Neujahrsblatt</subfield><subfield code="v">216</subfield><subfield code="w">(IDSLU)000135452ILU01</subfield></datafield><datafield ind1=" " ind2=" " tag="900"><subfield code="a">IDSZ1Tur2013</subfield></datafield><datafield ind1=" " ind2=" " tag="900"><subfield code="a">IDSZ2zbzmon201401e</subfield><subfield code="c">IDSZ2wuet</subfield><subfield code="d">IDSZ2zbzswk201403b</subfield><subfield code="e">IDSZ2wart</subfield></datafield><datafield ind1=" " ind2=" " tag="900"><subfield code="a">IDSZ2mugmon201402l</subfield><subfield code="c">IDSZ2morg</subfield></datafield><datafield ind1=" " ind2=" " tag="900"><subfield code="a">REROnoselfmerge</subfield></datafield><datafield ind1=" " ind2=" " tag="949"><subfield code="a">https://toc.library.ethz.ch/objects/pdf03/z01_010042371_01.pdf</subfield></datafield></record>
</metadata></record>