<record><header><identifier>oai:alma.41SLSP_UGE:991000001879705502</identifier><datestamp>2024-04-09T00:11:44Z</datestamp><setSpec>uge_bcen_RapidILL_BOOK</setSpec><setSpec>uge_aaca_RapidILL_BOOK</setSpec><setSpec>uge_abels_RapidILL_BOOK</setSpec><setSpec>uge_dbu_RapidILL_BOOK</setSpec><setSpec>uge_cmu_RapidILL_BOOK</setSpec><setSpec>uge_mail_RapidILL_BOOK</setSpec><setSpec>uge_abbat_RapidILL_BOOK</setSpec><setSpec>UNIGE_ALL</setSpec><setSpec>uge_aobs_RapidILL_BOOK</setSpec><setSpec>uge_acar_RapidILL_BOOK</setSpec></header><metadata>
<record xmlns="http://www.loc.gov/MARC21/slim" xmlns:xsi="http://www.w3.org/2001/XMLSchema-instance" xsi:schemaLocation="http://www.loc.gov/MARC21/slim http://www.loc.gov/standards/marcxml/schema/MARC21slim.xsd"><leader>02765nam a2200337 c 4500</leader><controlfield tag="001">991000001879705502</controlfield><controlfield tag="005">20230326202050.0</controlfield><controlfield tag="008">201007s2020    fr            00| | fre d</controlfield><datafield ind1=" " ind2=" " tag="020"><subfield code="a">9782271133120</subfield></datafield><datafield ind1=" " ind2=" " tag="035"><subfield code="a">(swissbib)243256698-41slsp_network</subfield></datafield><datafield ind1=" " ind2=" " tag="035"><subfield code="a">243256698</subfield><subfield code="9">ExL</subfield></datafield><datafield ind1=" " ind2=" " tag="035"><subfield code="a">(RERO)R009088783-41slsp</subfield></datafield><datafield ind1=" " ind2=" " tag="035"><subfield code="a">(EXLNZ-41SLSP_NETWORK)991075600019705501</subfield></datafield><datafield ind1=" " ind2=" " tag="040"><subfield code="a">Abes</subfield><subfield code="d">CH-ZuSLS</subfield></datafield><datafield ind1="0" ind2="4" tag="082"><subfield code="a">305.800 9882</subfield><subfield code="2">23</subfield></datafield><datafield ind1="7" ind2="4" tag="082"><subfield code="a">333.7</subfield><subfield code="2">23sdnb</subfield></datafield><datafield ind1="1" ind2=" " tag="100"><subfield code="a">Le Tourneau, François-Michel</subfield><subfield code="c">géographe</subfield><subfield code="d">1972-....</subfield><subfield code="0">(IDREF)082998701</subfield><subfield code="4">aut</subfield></datafield><datafield ind1="1" ind2="0" tag="245"><subfield code="a">Chercheurs d'or</subfield><subfield code="b">l'orpaillage clandestin en Guyane française</subfield><subfield code="c">François Michel Le Tourneau</subfield></datafield><datafield ind1=" " ind2="1" tag="264"><subfield code="a">Paris</subfield><subfield code="b">CNRS</subfield><subfield code="c">2020</subfield></datafield><datafield ind1=" " ind2=" " tag="300"><subfield code="a">421 pages</subfield><subfield code="b">illustrations, cartes</subfield><subfield code="c">23 cm</subfield></datafield><datafield ind1=" " ind2=" " tag="336"><subfield code="b">txt</subfield><subfield code="2">rdacontent</subfield></datafield><datafield ind1=" " ind2=" " tag="337"><subfield code="b">n</subfield><subfield code="2">rdamedia</subfield></datafield><datafield ind1=" " ind2=" " tag="338"><subfield code="b">nc</subfield><subfield code="2">rdacarrier</subfield></datafield><datafield ind1="8" ind2=" " tag="520"><subfield code="a">Depuis le début des années 2000, l'orpaillage illégal est massivement présent en Guyane et se montre, malgré un impressionnant dispositif de lutte, remarquablement résilient. Pour tenter de juguler le phénomène et ses désastreuses conséquences environnementales, un partenariat original a été noué entre le géographe François-Michel Le Tourneau, spécialiste de l'Amazonie, et les Forces armées de Guyane, dans le but d'étudier le monde parallèle des garimpeiros, ces chercheurs d'or. Mais comment gagner leur confiance ? Comment s'enquérir de leurs pratiques illégales ? Il faut faire preuve d'une honnêteté et d'une transparence sans failles, afficher immédiatement l'objectif, prouver que l'on connaît le terrain, et y revenir sans cesse. Voici, quatre ans plus tard, le résultat de cette enquête inédite. Après avoir brossé un panorama de l'histoire et de la géographie de l'or en Amazonie, et fait un tour d'horizon des techniques d'extraction et des voies de commercialisation, l'auteur dresse le portrait de ces chercheurs d'or : qui sont-ils ? d'où viennent-ils ? Quels sont les principes qui régissent leur société parallèle et comment se déroule leur vie dans la forêt ? Ce livre nous entraîne au cœur de la Guyane, peuplé non pas seulement de jaguars ou de tapirs, mais aussi de garimpeiros, patrons de chantiers ou simples ouvriers, de colporteurs et colporteuses, d'épiciers, de cantinières, de logisticiens, de bistrotiers, de prostituées ou encore de missionnaires évangéliques...</subfield><subfield code="2">[4e de couverture]</subfield></datafield><datafield ind1=" " ind2=" " tag="504"><subfield code="a">Bibliographie pages 407-413</subfield></datafield><datafield ind1=" " ind2="7" tag="650"><subfield code="a">Or</subfield><subfield code="0">(IDREF)02728302X</subfield><subfield code="2">idref</subfield></datafield><datafield ind1=" " ind2="7" tag="650"><subfield code="a">Orpailleurs</subfield><subfield code="0">(IDREF)050268457</subfield><subfield code="2">idref</subfield></datafield><datafield ind1=" " ind2="7" tag="651"><subfield code="a">Guyane</subfield><subfield code="0">(IDREF)027267873</subfield><subfield code="2">idref</subfield></datafield><datafield ind1=" " ind2="7" tag="650"><subfield code="a">Économie souterraine</subfield><subfield code="0">(IDREF)02774180X</subfield><subfield code="2">idref</subfield></datafield><datafield ind1=" " ind2=" " tag="900"><subfield code="a">REROnoselfmerge</subfield></datafield><datafield ind1=" " ind2=" " tag="903"><subfield code="a">RERO-SIGN</subfield><subfield code="5">UNINE/eth/20210128/ofi</subfield></datafield><datafield ind1=" " ind2=" " tag="910"><subfield code="a">SUDOC</subfield><subfield code="b">20201007</subfield><subfield code="c">Réutilisation sous conditions: Licence ouverte Etalab</subfield></datafield></record>
</metadata></record>