<record><header><identifier>oai:alma.41SLSP_UGE:991000001149705502</identifier><datestamp>2023-03-04T01:25:19Z</datestamp><setSpec>uge_bcen_RapidILL_BOOK</setSpec><setSpec>uge_aaca_RapidILL_BOOK</setSpec><setSpec>uge_abels_RapidILL_BOOK</setSpec><setSpec>uge_dbu_RapidILL_BOOK</setSpec><setSpec>uge_cmu_RapidILL_BOOK</setSpec><setSpec>uge_mail_RapidILL_BOOK</setSpec><setSpec>uge_abbat_RapidILL_BOOK</setSpec><setSpec>UNIGE_ALL</setSpec><setSpec>uge_acar_RapidILL_BOOK</setSpec><setSpec>uge_aobs_RapidILL_BOOK</setSpec></header><metadata>
<record xmlns="http://www.loc.gov/MARC21/slim" xmlns:xsi="http://www.w3.org/2001/XMLSchema-instance" xsi:schemaLocation="http://www.loc.gov/MARC21/slim http://www.loc.gov/standards/marcxml/schema/MARC21slim.xsd"><leader>02249nam a2200601 c 4500</leader><controlfield tag="001">991000001149705502</controlfield><controlfield tag="005">20230302194117.0</controlfield><controlfield tag="008">201011s1970    ne ||||| |||| 00| ||eng d</controlfield><datafield ind1=" " ind2=" " tag="035"><subfield code="a">(swissbib)23185496X-41slsp_network</subfield></datafield><datafield ind1=" " ind2=" " tag="035"><subfield code="a">23185496X</subfield><subfield code="9">ExL</subfield></datafield><datafield ind1=" " ind2=" " tag="035"><subfield code="a">(RERO)0036770-41slsp</subfield></datafield><datafield ind1=" " ind2=" " tag="035"><subfield code="a">(SBT)000875955SBT01</subfield></datafield><datafield ind1=" " ind2=" " tag="035"><subfield code="a">(IDSBB)000587440DSV01</subfield></datafield><datafield ind1=" " ind2=" " tag="035"><subfield code="a">(NEBIS)008948494EBI01</subfield></datafield><datafield ind1=" " ind2=" " tag="035"><subfield code="a">(NEBIS)003118603EBI01</subfield></datafield><datafield ind1=" " ind2=" " tag="035"><subfield code="a">(EXLNZ-41SLSP_NETWORK)991036926219705501</subfield></datafield><datafield ind1=" " ind2=" " tag="040"><subfield code="a">RERO</subfield><subfield code="d">CH-ZuSLS</subfield></datafield><datafield ind1="0" ind2=" " tag="041"><subfield code="a">eng</subfield><subfield code="a">lat</subfield></datafield><datafield ind1=" " ind2="7" tag="072"><subfield code="a">la</subfield><subfield code="2">rero</subfield></datafield><datafield ind1=" " ind2="7" tag="072"><subfield code="a">kp</subfield><subfield code="2">SzZuIDS BS/BE</subfield></datafield><datafield ind1="1" ind2=" " tag="080"><subfield code="a">871PROP9</subfield></datafield><datafield ind1="0" ind2="4" tag="082"><subfield code="a">874.01</subfield><subfield code="2">19</subfield></datafield><datafield ind1="0" ind2="4" tag="082"><subfield code="a">801</subfield></datafield><datafield ind1="0" ind2="4" tag="082"><subfield code="a">874.4 UKP</subfield></datafield><datafield ind1="0" ind2="4" tag="082"><subfield code="a">874 (PROP) A204 SMY</subfield></datafield><datafield ind1="1" ind2=" " tag="100"><subfield code="a">Smyth, Willy Robert</subfield><subfield code="0">(DE-588)1070882240</subfield></datafield><datafield ind1="1" ind2="0" tag="245"><subfield code="a">Thesaurus Criticus ad Sexti Propertii Textum</subfield><subfield code="c">Congressit et in ordinem redegit Gulielmus Robertus Smyth</subfield></datafield><datafield ind1=" " ind2="1" tag="264"><subfield code="a">Lugduni Batavorum</subfield><subfield code="b">E.J. Brill</subfield><subfield code="c">1970</subfield></datafield><datafield ind1=" " ind2=" " tag="300"><subfield code="a">197 p.</subfield><subfield code="c">25 cm</subfield></datafield><datafield ind1=" " ind2=" " tag="336"><subfield code="b">txt</subfield><subfield code="2">rdacontent</subfield></datafield><datafield ind1=" " ind2=" " tag="337"><subfield code="b">n</subfield><subfield code="2">rdamedia</subfield></datafield><datafield ind1=" " ind2=" " tag="338"><subfield code="b">nc</subfield><subfield code="2">rdacarrier</subfield></datafield><datafield ind1="1" ind2=" " tag="490"><subfield code="a">Mnemosyne. Supplementum</subfield><subfield code="v">12</subfield></datafield><datafield ind1="0" ind2="7" tag="600"><subfield code="a">Properce</subfield><subfield code="d">0050?-0015? av. J.-C.</subfield><subfield code="0">(IDREF)026668408</subfield><subfield code="2">idref</subfield></datafield><datafield ind1="1" ind2="7" tag="600"><subfield code="a">Propertius, Sextus</subfield><subfield code="d">v50-v15</subfield><subfield code="0">(DE-588)118596764</subfield><subfield code="2">gnd</subfield></datafield><datafield ind1="1" ind2="0" tag="600"><subfield code="a">Propertius, Sextus</subfield></datafield><datafield ind1="1" ind2="0" tag="600"><subfield code="a">Propertius, Sextus</subfield><subfield code="t">Elegiae</subfield><subfield code="v">Concordances</subfield></datafield><datafield ind1="1" ind2="0" tag="600"><subfield code="a">Propertius, Sextus</subfield><subfield code="x">Criticism and interpretation</subfield></datafield><datafield ind1=" " ind2="7" tag="650"><subfield code="a">Konkordanz</subfield><subfield code="0">(DE-588)4165001-3</subfield><subfield code="2">gnd</subfield></datafield><datafield ind1=" " ind2="7" tag="650"><subfield code="a">Textkritik</subfield><subfield code="0">(DE-588)4059657-6</subfield><subfield code="2">gnd</subfield></datafield><datafield ind1=" " ind2="0" tag="650"><subfield code="a">Elegiac poetry, Latin</subfield><subfield code="v">Concordances</subfield></datafield><datafield ind1=" " ind2="0" tag="650"><subfield code="a">Elegiac poetry, Latin</subfield><subfield code="x">Concordances</subfield></datafield><datafield ind1=" " ind2="7" tag="655"><subfield code="a">Éditions de manuscrits</subfield><subfield code="0">(IDREF)17486969X</subfield><subfield code="2">idref</subfield></datafield><datafield ind1=" " ind2="7" tag="655"><subfield code="a">Catalogues</subfield><subfield code="0">(IDREF)027793222</subfield><subfield code="2">idref</subfield></datafield><datafield ind1=" " ind2=" " tag="691"><subfield code="e">874.0103</subfield><subfield code="a">Poesia lirica latina. Periodo romano, fino al 499 ca. Dizionari, enciclopedie, concordanze</subfield><subfield code="2">usi-TE</subfield></datafield><datafield ind1="1" ind2=" " tag="700"><subfield code="a">Propertius, Sextus</subfield><subfield code="d">1. sec. a.C.</subfield><subfield code="0">(SBT11)000006219</subfield></datafield><datafield ind1="1" ind2=" " tag="700"><subfield code="a">Propertius, Sextus</subfield><subfield code="d">v50-v15</subfield><subfield code="0">(DE-588)118596764</subfield></datafield><datafield ind1="1" ind2=" " tag="700"><subfield code="a">Smyth, A. R.</subfield></datafield><datafield ind1="1" ind2=" " tag="700"><subfield code="a">Smyth, William Robert</subfield><subfield code="0">(IDREF)193860031</subfield></datafield><datafield ind1=" " ind2="0" tag="830"><subfield code="a">Mnemosyne</subfield><subfield code="p">Supplements</subfield><subfield code="v">12</subfield><subfield code="w">(SBT)000870295SBT01</subfield></datafield><datafield ind1=" " ind2="0" tag="830"><subfield code="a">Mnemosyne</subfield><subfield code="p">Supplementum</subfield><subfield code="v">12</subfield><subfield code="w">(RERO)0020290-41slsp</subfield></datafield><datafield ind1=" " ind2=" " tag="900"><subfield code="a">REROnoselfmerge</subfield></datafield><datafield ind1=" " ind2=" " tag="900"><subfield code="f">IDSU2medea</subfield></datafield><datafield ind1=" " ind2=" " tag="900"><subfield code="a">IDSZRMedeaZBZ</subfield><subfield code="b">IDSZRSWK</subfield></datafield></record>
</metadata></record>