<record><header><identifier>oai:alma.41SLSP_UGE:991000001669705502</identifier><datestamp>2023-04-19T00:11:51Z</datestamp><setSpec>uge_bcen_RapidILL_BOOK</setSpec><setSpec>uge_aaca_RapidILL_BOOK</setSpec><setSpec>uge_abels_RapidILL_BOOK</setSpec><setSpec>uge_dbu_RapidILL_BOOK</setSpec><setSpec>uge_cmu_RapidILL_BOOK</setSpec><setSpec>uge_mail_RapidILL_BOOK</setSpec><setSpec>uge_abbat_RapidILL_BOOK</setSpec><setSpec>UNIGE_ALL</setSpec><setSpec>uge_acar_RapidILL_BOOK</setSpec><setSpec>uge_aobs_RapidILL_BOOK</setSpec></header><metadata>
<record xmlns="http://www.loc.gov/MARC21/slim" xmlns:xsi="http://www.w3.org/2001/XMLSchema-instance" xsi:schemaLocation="http://www.loc.gov/MARC21/slim http://www.loc.gov/standards/marcxml/schema/MARC21slim.xsd"><leader>01306nam a2200337 c 4500</leader><controlfield tag="001">991000001669705502</controlfield><controlfield tag="005">20230418203709.0</controlfield><controlfield tag="008">201011s1909    fr ||||| |||| 00| ||fre d</controlfield><datafield ind1=" " ind2=" " tag="035"><subfield code="a">(swissbib)221613447-41slsp_network</subfield></datafield><datafield ind1=" " ind2=" " tag="035"><subfield code="a">221613447</subfield><subfield code="9">ExL</subfield></datafield><datafield ind1=" " ind2=" " tag="035"><subfield code="a">(RERO)1788328-41slsp</subfield></datafield><datafield ind1=" " ind2=" " tag="035"><subfield code="a">(IDSBB)004984652DSV01</subfield></datafield><datafield ind1=" " ind2=" " tag="035"><subfield code="a">(EXLNZ-41SLSP_NETWORK)991080694799705501</subfield></datafield><datafield ind1=" " ind2=" " tag="040"><subfield code="a">RERO geuhim</subfield><subfield code="d">CH-ZuSLS</subfield></datafield><datafield ind1=" " ind2="7" tag="072"><subfield code="a">me</subfield><subfield code="2">rero</subfield></datafield><datafield ind1="0" ind2="0" tag="245"><subfield code="a">Mécanothérapie, rééducation, sports, méthode de Bier, hydrothérapie</subfield><subfield code="c">par Fraikin [et al.]</subfield></datafield><datafield ind1=" " ind2="1" tag="264"><subfield code="a">Paris</subfield><subfield code="b">J.-B. Baillière</subfield><subfield code="c">1909</subfield></datafield><datafield ind1=" " ind2=" " tag="300"><subfield code="a">XII, 404 p.</subfield><subfield code="b">ill.</subfield><subfield code="c">21 cm</subfield></datafield><datafield ind1=" " ind2=" " tag="336"><subfield code="b">txt</subfield><subfield code="2">rdacontent</subfield></datafield><datafield ind1=" " ind2=" " tag="337"><subfield code="b">n</subfield><subfield code="2">rdamedia</subfield></datafield><datafield ind1=" " ind2=" " tag="338"><subfield code="b">nc</subfield><subfield code="2">rdacarrier</subfield></datafield><datafield ind1="1" ind2=" " tag="490"><subfield code="a">Bibliothèque de thérapeutique. Série 1, Les agents thérapeutiques</subfield><subfield code="v">7</subfield></datafield><datafield ind1="1" ind2=" " tag="490"><subfield code="a">Physiothérapie</subfield><subfield code="v">4</subfield></datafield><datafield ind1=" " ind2="7" tag="650"><subfield code="a">Physiothérapie</subfield><subfield code="0">(IDREF)027584968</subfield><subfield code="2">idref</subfield></datafield><datafield ind1=" " ind2="7" tag="650"><subfield code="a">Mécanothérapie</subfield><subfield code="0">(IDREF)027453790</subfield><subfield code="2">idref</subfield></datafield><datafield ind1=" " ind2="7" tag="650"><subfield code="a">Hydrothérapie</subfield><subfield code="0">(IDREF)027345785</subfield><subfield code="2">idref</subfield></datafield><datafield ind1=" " ind2="7" tag="655"><subfield code="a">Manuels d'enseignement</subfield><subfield code="0">(IDREF)027446514</subfield><subfield code="2">idref</subfield></datafield><datafield ind1="1" ind2=" " tag="700"><subfield code="a">Fraikin, Albert</subfield><subfield code="d">1875-1938</subfield><subfield code="0">(IDREF)119819945</subfield></datafield><datafield ind1=" " ind2="0" tag="830"><subfield code="a">Physiothérapie</subfield><subfield code="v">4</subfield><subfield code="w">(IDSBB)004793276DSV01</subfield></datafield><datafield ind1=" " ind2="0" tag="830"><subfield code="a">Bibliothèque de thérapeutique</subfield><subfield code="v">7</subfield><subfield code="w">(RERO)0779876-41slsp</subfield></datafield><datafield ind1=" " ind2="0" tag="830"><subfield code="a">Bibliothèque de thérapeutique</subfield><subfield code="v">7</subfield><subfield code="w">(IDSBB)001492742DSV01</subfield></datafield><datafield ind1=" " ind2=" " tag="900"><subfield code="a">REROnoselfmerge</subfield></datafield></record>
</metadata></record>