<record><header><identifier>oai:alma.41SLSP_UGE:991000001769705502</identifier><datestamp>2023-06-26T00:15:55Z</datestamp><setSpec>UNIGE_ALL</setSpec></header><metadata>
<record xmlns="http://www.loc.gov/MARC21/slim" xmlns:xsi="http://www.w3.org/2001/XMLSchema-instance" xsi:schemaLocation="http://www.loc.gov/MARC21/slim http://www.loc.gov/standards/marcxml/schema/MARC21slim.xsd"><leader>02076ngm a2200385 c 4500</leader><controlfield tag="001">991000001769705502</controlfield><controlfield tag="005">20230625173128.0</controlfield><controlfield tag="007">vd |v||||</controlfield><controlfield tag="008">200612s2020    fr |||            v|fre d</controlfield><datafield ind1="4" ind2="2" tag="028"><subfield code="a">3700246909118</subfield></datafield><datafield ind1=" " ind2=" " tag="035"><subfield code="a">(swissbib)126544387-41slsp_network</subfield></datafield><datafield ind1=" " ind2=" " tag="035"><subfield code="a">126544387</subfield><subfield code="9">ExL</subfield></datafield><datafield ind1=" " ind2=" " tag="035"><subfield code="a">(RERO)R009050327-41slsp</subfield></datafield><datafield ind1=" " ind2=" " tag="035"><subfield code="a">(EXLNZ-41SLSP_NETWORK)991071035099705501</subfield></datafield><datafield ind1=" " ind2=" " tag="040"><subfield code="a">RERO geumem</subfield><subfield code="d">CH-ZuSLS</subfield></datafield><datafield ind1="1" ind2=" " tag="041"><subfield code="a">fre</subfield><subfield code="a">ger</subfield><subfield code="a">eng</subfield><subfield code="h">fre</subfield><subfield code="h">ger</subfield></datafield><datafield ind1=" " ind2="7" tag="072"><subfield code="a">ba</subfield><subfield code="2">rero</subfield></datafield><datafield ind1="0" ind2="0" tag="245"><subfield code="a">&lt;&lt;La&gt;&gt; voleuse</subfield><subfield code="c">un film de Jean Chapot ; écrit par Jean Chapot et Marguerite Duras ; scénario et réalisation de Jean Chapot ; dialogues de Marguerite Duras ; musique composée par Antoine Duhamel</subfield></datafield><datafield ind1=" " ind2="1" tag="264"><subfield code="a">[Lieu de publication non identifié]</subfield><subfield code="b">Midships Associés</subfield><subfield code="c">2020</subfield></datafield><datafield ind1=" " ind2=" " tag="300"><subfield code="a">1 DVD vidéo</subfield><subfield code="b">noir et blanc</subfield></datafield><datafield ind1=" " ind2=" " tag="336"><subfield code="b">tdi</subfield><subfield code="2">rdacontent</subfield></datafield><datafield ind1=" " ind2=" " tag="337"><subfield code="b">v</subfield><subfield code="2">rdamedia</subfield></datafield><datafield ind1=" " ind2=" " tag="338"><subfield code="b">vd</subfield><subfield code="2">rdacarrier</subfield></datafield><datafield ind1=" " ind2=" " tag="500"><subfield code="a">Film restauré et numérisé</subfield></datafield><datafield ind1=" " ind2=" " tag="500"><subfield code="a">Une prod. Claude Jaeger et Hans Oppenheimer, 1966</subfield></datafield><datafield ind1=" " ind2=" " tag="500"><subfield code="a">Durée du film : 88 min.</subfield></datafield><datafield ind1=" " ind2=" " tag="500"><subfield code="a">Choix de langues : Version originale française et allemande, français. Choix de sous-titres : anglais, sous-titres pour sourds et malentendants. Audiodescription</subfield></datafield><datafield ind1="0" ind2=" " tag="505"><subfield code="a">&quot;Romy Schneider, l'incandescence du sacrifice&quot; de Dominique Maillet. - 26 min. - Bande Annonce</subfield></datafield><datafield ind1="0" ind2=" " tag="511"><subfield code="a">Michel Piccoli ; Romy Schneider ; Hans Christian Blech ; Sonia Schwarz ; Mario Huth</subfield></datafield><datafield ind1="8" ind2=" " tag="520"><subfield code="a">&quot;Après plusieurs années de mariage, Julia avoue à son mari qu'elle a abandonné, lorsqu'elle avait 19 ans, son nouveau-né. Le bébé a été confié aux Kostrowitz, un couple d'ouvriers polonais. Tenaillée par le souvenir de l'enfant, Julia décide de reprendre son petit garçon.&quot;</subfield><subfield code="5">RERO/geumem/07.2020</subfield></datafield><datafield ind1=" " ind2="7" tag="655"><subfield code="a">DVD</subfield><subfield code="0">(IDREF)035108444</subfield><subfield code="2">idref</subfield></datafield><datafield ind1=" " ind2="7" tag="655"><subfield code="a">Films de fiction</subfield><subfield code="0">(IDREF)14779644X</subfield><subfield code="2">idref</subfield></datafield><datafield ind1="1" ind2=" " tag="700"><subfield code="a">Chapot, Jean</subfield><subfield code="d">1930-1998</subfield><subfield code="0">(IDREF)057557675</subfield><subfield code="4">aut</subfield></datafield><datafield ind1="1" ind2=" " tag="700"><subfield code="a">Chapot, Jean</subfield><subfield code="d">1930-1998</subfield><subfield code="0">(IDREF)057557675</subfield><subfield code="4">drt</subfield></datafield><datafield ind1="1" ind2=" " tag="700"><subfield code="a">Duras, Marguerite</subfield><subfield code="d">1914-1996</subfield><subfield code="0">(IDREF)027405168</subfield><subfield code="4">aut</subfield></datafield><datafield ind1="0" ind2=" " tag="700"><subfield code="a">Duhamel, Antoine</subfield><subfield code="d">1925-2014</subfield><subfield code="0">(IDREF)03467103X</subfield><subfield code="4">cmp</subfield></datafield></record>
</metadata></record>