<record><header><identifier>oai:alma.41SLSP_UGE:991000001039705502</identifier><datestamp>2023-03-01T01:09:00Z</datestamp><setSpec>uge_bcen_RapidILL_BOOK</setSpec><setSpec>uge_aaca_RapidILL_BOOK</setSpec><setSpec>uge_abels_RapidILL_BOOK</setSpec><setSpec>uge_dbu_RapidILL_BOOK</setSpec><setSpec>uge_cmu_RapidILL_BOOK</setSpec><setSpec>uge_mail_RapidILL_BOOK</setSpec><setSpec>UNIGE_ALL</setSpec><setSpec>uge_abbat_RapidILL_BOOK</setSpec><setSpec>uge_aobs_RapidILL_BOOK</setSpec><setSpec>uge_acar_RapidILL_BOOK</setSpec></header><metadata>
<record xmlns="http://www.loc.gov/MARC21/slim" xmlns:xsi="http://www.w3.org/2001/XMLSchema-instance" xsi:schemaLocation="http://www.loc.gov/MARC21/slim http://www.loc.gov/standards/marcxml/schema/MARC21slim.xsd"><leader>01430nam a2200373 c 4500</leader><controlfield tag="001">991000001039705502</controlfield><controlfield tag="005">20210206193727.0</controlfield><controlfield tag="008">201011s2012    xxu||||| |||| 00| ||eng d</controlfield><datafield ind1=" " ind2=" " tag="020"><subfield code="a">9780199797882</subfield></datafield><datafield ind1="7" ind2=" " tag="024"><subfield code="a">http://catalogue.bnf.fr/ark:/12148/cb42603951w</subfield><subfield code="2">uri</subfield></datafield><datafield ind1=" " ind2=" " tag="035"><subfield code="a">(swissbib)230748880-41slsp_network</subfield></datafield><datafield ind1=" " ind2=" " tag="035"><subfield code="a">230748880</subfield><subfield code="9">ExL</subfield></datafield><datafield ind1=" " ind2=" " tag="035"><subfield code="a">(RERO)R007165738-41slsp</subfield></datafield><datafield ind1=" " ind2=" " tag="035"><subfield code="a">(IDSBB)006047863DSV01</subfield></datafield><datafield ind1=" " ind2=" " tag="035"><subfield code="a">(EXLNZ-41SLSP_NETWORK)991016019689705501</subfield></datafield><datafield ind1=" " ind2=" " tag="040"><subfield code="a">RERO labdfm</subfield><subfield code="d">CH-ZuSLS</subfield></datafield><datafield ind1=" " ind2=" " tag="060"><subfield code="a">WL 356</subfield></datafield><datafield ind1=" " ind2="7" tag="072"><subfield code="a">me</subfield><subfield code="2">rero</subfield></datafield><datafield ind1=" " ind2="7" tag="072"><subfield code="a">me</subfield><subfield code="2">SzZuIDS BS/BE</subfield></datafield><datafield ind1="1" ind2="4" tag="082"><subfield code="a">610</subfield><subfield code="2">15</subfield></datafield><datafield ind1="0" ind2="0" tag="245"><subfield code="a">Stroke rehabilitation</subfield><subfield code="b">insights from neuroscience and imaging</subfield><subfield code="c">ed. by Leeanne M. Carey</subfield></datafield><datafield ind1=" " ind2="1" tag="264"><subfield code="a">New York</subfield><subfield code="b">Oxford University Press</subfield><subfield code="c">2012</subfield></datafield><datafield ind1=" " ind2=" " tag="300"><subfield code="a">258 p.</subfield><subfield code="b">ill.</subfield></datafield><datafield ind1=" " ind2=" " tag="336"><subfield code="b">txt</subfield><subfield code="2">rdacontent</subfield></datafield><datafield ind1=" " ind2=" " tag="337"><subfield code="b">n</subfield><subfield code="2">rdamedia</subfield></datafield><datafield ind1=" " ind2=" " tag="338"><subfield code="b">nc</subfield><subfield code="2">rdacarrier</subfield></datafield><datafield ind1="0" ind2=" " tag="505"><subfield code="a">[Contents]. - Stroke pathophysiology and recovery. - Stroke rehabilitation creating the right learning conditions for rehabilitation. - Rehabilitation of common functions. - New perspectives and directions for stroke rehabilitation research.</subfield></datafield><datafield ind1=" " ind2="2" tag="650"><subfield code="a">Brain</subfield><subfield code="x">physiopathology</subfield></datafield><datafield ind1=" " ind2="2" tag="650"><subfield code="a">Neuroimaging</subfield></datafield><datafield ind1=" " ind2="2" tag="650"><subfield code="a">Stroke</subfield><subfield code="x">rehabilitation</subfield></datafield><datafield ind1=" " ind2="2" tag="650"><subfield code="a">Stroke Rehabilitation</subfield><subfield code="0">(DNLM)D000071939</subfield></datafield><datafield ind1=" " ind2="2" tag="650"><subfield code="a">Brain</subfield><subfield code="x">physiopathology</subfield><subfield code="0">(DNLM)D001921Q000503</subfield></datafield><datafield ind1=" " ind2="2" tag="650"><subfield code="a">Neuroimaging</subfield><subfield code="0">(DNLM)D059906</subfield></datafield><datafield ind1="1" ind2=" " tag="700"><subfield code="a">Carey, Leeanne M.</subfield><subfield code="0">(IDREF)185092888</subfield></datafield><datafield ind1=" " ind2=" " tag="900"><subfield code="a">REROnoselfmerge</subfield></datafield></record>
</metadata></record>