<record><header><identifier>oai:alma.41SLSP_UGE:991000001999705502</identifier><datestamp>2023-11-25T01:39:35Z</datestamp><setSpec>uge_bcen_RapidILL_BOOK</setSpec><setSpec>uge_aaca_RapidILL_BOOK</setSpec><setSpec>uge_abels_RapidILL_BOOK</setSpec><setSpec>uge_dbu_RapidILL_BOOK</setSpec><setSpec>uge_cmu_RapidILL_BOOK</setSpec><setSpec>uge_mail_RapidILL_BOOK</setSpec><setSpec>uge_abbat_RapidILL_BOOK</setSpec><setSpec>UNIGE_ALL</setSpec><setSpec>uge_aobs_RapidILL_BOOK</setSpec><setSpec>uge_acar_RapidILL_BOOK</setSpec></header><metadata>
<record xmlns="http://www.loc.gov/MARC21/slim" xmlns:xsi="http://www.w3.org/2001/XMLSchema-instance" xsi:schemaLocation="http://www.loc.gov/MARC21/slim http://www.loc.gov/standards/marcxml/schema/MARC21slim.xsd"><leader>02853nam a2200361 c 4500</leader><controlfield tag="001">991000001999705502</controlfield><controlfield tag="005">20210206203111.0</controlfield><controlfield tag="008">020205s2000    ru ||||| |||| 00| ||rus d</controlfield><datafield ind1=" " ind2=" " tag="020"><subfield code="a">5934530216</subfield></datafield><datafield ind1=" " ind2=" " tag="035"><subfield code="a">(swissbib)09752462X-41slsp_network</subfield></datafield><datafield ind1=" " ind2=" " tag="035"><subfield code="a">09752462X</subfield><subfield code="9">ExL</subfield></datafield><datafield ind1=" " ind2=" " tag="035"><subfield code="a">(RERO)R003147416-41slsp</subfield></datafield><datafield ind1=" " ind2=" " tag="035"><subfield code="a">(EXLNZ-41SLSP_NETWORK)991059254189705501</subfield></datafield><datafield ind1=" " ind2=" " tag="040"><subfield code="a">RERO geulru</subfield><subfield code="d">CH-ZuSLS</subfield></datafield><datafield ind1=" " ind2="7" tag="072"><subfield code="a">ru</subfield><subfield code="2">rero</subfield></datafield><datafield ind1="1" ind2=" " tag="100"><subfield code="6">880-01</subfield><subfield code="a">Golovina, Varvara Nikolaevna</subfield><subfield code="d">1766-1821</subfield><subfield code="0">(IDREF)119212889</subfield><subfield code="4">cre</subfield></datafield><datafield ind1="1" ind2=" " tag="880"><subfield code="6">100-01/(N</subfield><subfield code="a">Головина, Варвара Николаевна</subfield><subfield code="d">1766-1821</subfield></datafield><datafield ind1="1" ind2="0" tag="245"><subfield code="6">880-02</subfield><subfield code="a">Memuary grafini Golovinoĭ</subfield><subfield code="b">Zapiski kni︠a︡zi︠a︡ Golit︠s︡yna</subfield></datafield><datafield ind1="1" ind2="0" tag="880"><subfield code="6">245-02/(N</subfield><subfield code="a">Мемуары графини Головиной</subfield><subfield code="b">Записки князя Голицына</subfield></datafield><datafield ind1="1" ind2=" " tag="246"><subfield code="a">Memuary grafini Golovinoj. Zapiski knjazja Golicyna</subfield></datafield><datafield ind1=" " ind2="1" tag="264"><subfield code="6">880-03</subfield><subfield code="a">Moskva</subfield><subfield code="b">Tri veka istorii</subfield><subfield code="c">2000</subfield></datafield><datafield ind1=" " ind2="1" tag="880"><subfield code="6">264-03/(N</subfield><subfield code="a">Москва</subfield><subfield code="b">Три века истории</subfield><subfield code="c">2000</subfield></datafield><datafield ind1=" " ind2=" " tag="300"><subfield code="a">396 p.</subfield><subfield code="b">ill.</subfield><subfield code="c">22 cm</subfield></datafield><datafield ind1=" " ind2=" " tag="336"><subfield code="b">txt</subfield><subfield code="2">rdacontent</subfield></datafield><datafield ind1=" " ind2=" " tag="337"><subfield code="b">n</subfield><subfield code="2">rdamedia</subfield></datafield><datafield ind1=" " ind2=" " tag="338"><subfield code="b">nc</subfield><subfield code="2">rdacarrier</subfield></datafield><datafield ind1="1" ind2=" " tag="490"><subfield code="6">880-04</subfield><subfield code="a">Russkie dnevniki pisʹma vospominanija</subfield><subfield code="v">1</subfield></datafield><datafield ind1="0" ind2=" " tag="880"><subfield code="6">490-04/(N</subfield><subfield code="a">Русские дневники, письма, воспоминания</subfield><subfield code="v">1</subfield></datafield><datafield ind1="1" ind2=" " tag="700"><subfield code="a">Golit︠s︡yn, Fedor Nikolaevich</subfield></datafield><datafield ind1="1" ind2="2" tag="700"><subfield code="6">880-05</subfield><subfield code="a">Golit︠s︡yn, Fedor Nikolaevich</subfield><subfield code="t">Zapiski</subfield></datafield><datafield ind1="1" ind2="2" tag="880"><subfield code="6">700-05/(N</subfield><subfield code="a">Голицын, Федор Николаевич</subfield><subfield code="t">Записки</subfield></datafield><datafield ind1=" " ind2="0" tag="830"><subfield code="6">880-06</subfield><subfield code="a">Russkie dnevniki, pisʹma, vospominanii︠a︡</subfield><subfield code="v">1</subfield><subfield code="w">(RERO)R003147843-41slsp</subfield></datafield><datafield ind1=" " ind2="0" tag="880"><subfield code="6">830-06/(N</subfield><subfield code="a">Русские дневники, письма, воспоминания</subfield><subfield code="v">1</subfield></datafield><datafield ind1=" " ind2=" " tag="900"><subfield code="a">REROnoselfmerge</subfield></datafield></record>
</metadata></record>