<record><header><identifier>oai:alma.41SLSP_UGE:991000001789705502</identifier><datestamp>2023-08-13T09:03:50Z</datestamp><setSpec>uge_bcen_RapidILL_BOOK</setSpec><setSpec>uge_aaca_RapidILL_BOOK</setSpec><setSpec>uge_abels_RapidILL_BOOK</setSpec><setSpec>uge_dbu_RapidILL_BOOK</setSpec><setSpec>uge_cmu_RapidILL_BOOK</setSpec><setSpec>uge_mail_RapidILL_BOOK</setSpec><setSpec>UNIGE_ALL</setSpec><setSpec>uge_abbat_RapidILL_BOOK</setSpec><setSpec>uge_acar_RapidILL_BOOK</setSpec><setSpec>uge_aobs_RapidILL_BOOK</setSpec></header><metadata>
<record xmlns="http://www.loc.gov/MARC21/slim" xmlns:xsi="http://www.w3.org/2001/XMLSchema-instance" xsi:schemaLocation="http://www.loc.gov/MARC21/slim http://www.loc.gov/standards/marcxml/schema/MARC21slim.xsd"><leader>01777nam a2200433 c 4500</leader><controlfield tag="001">991000001789705502</controlfield><controlfield tag="005">20201126033603.0</controlfield><controlfield tag="008">201011s1975    at ||||| |||| 00| ||eng d</controlfield><datafield ind1=" " ind2=" " tag="020"><subfield code="a">0708107117</subfield></datafield><datafield ind1=" " ind2=" " tag="035"><subfield code="a">(swissbib)212133993-41slsp_network</subfield></datafield><datafield ind1=" " ind2=" " tag="035"><subfield code="a">212133993</subfield><subfield code="9">ExL</subfield></datafield><datafield ind1=" " ind2=" " tag="035"><subfield code="a">(RERO)R264303760-41slsp</subfield></datafield><datafield ind1=" " ind2=" " tag="035"><subfield code="a">(IDSBB)000003377DSV01</subfield></datafield><datafield ind1=" " ind2=" " tag="035"><subfield code="a">(NEBIS)000101997EBI01</subfield></datafield><datafield ind1=" " ind2=" " tag="035"><subfield code="a">(EXLNZ-41SLSP_NETWORK)991142805929705501</subfield></datafield><datafield ind1=" " ind2=" " tag="040"><subfield code="a">RERO geusst</subfield><subfield code="d">CH-ZuSLS</subfield></datafield><datafield ind1="1" ind2=" " tag="041"><subfield code="a">eng</subfield><subfield code="h">rus</subfield></datafield><datafield ind1=" " ind2="7" tag="072"><subfield code="a">st</subfield><subfield code="2">rero</subfield></datafield><datafield ind1=" " ind2="7" tag="072"><subfield code="a">ge</subfield><subfield code="2">SzZuIDS BS/BE</subfield></datafield><datafield ind1="1" ind2=" " tag="100"><subfield code="a">Dobret︠s︡ov, Nikolaĭ Leontʹevich</subfield><subfield code="0">(RERO)A014139274</subfield><subfield code="4">cre</subfield></datafield><datafield ind1="1" ind2="0" tag="245"><subfield code="a">&lt;&lt;The&gt;&gt; facies of regional metamorphism at high pressures</subfield><subfield code="c">N.L. Dobretsov... [et al.] ; ed. by V.S. Sobolev ; transl. by D.A. Brown</subfield></datafield><datafield ind1="1" ind2=" " tag="246"><subfield code="a">FACII REGIONALNOGO METAMORFIZMA VYSOKICH DAVLENIJ</subfield></datafield><datafield ind1=" " ind2="1" tag="264"><subfield code="a">Canberra</subfield><subfield code="b">Australian National University</subfield><subfield code="c">1975</subfield></datafield><datafield ind1=" " ind2=" " tag="300"><subfield code="a">VIII, 363 p.</subfield><subfield code="b">ill.</subfield><subfield code="c">26 cm</subfield></datafield><datafield ind1=" " ind2=" " tag="336"><subfield code="b">txt</subfield><subfield code="2">rdacontent</subfield></datafield><datafield ind1=" " ind2=" " tag="337"><subfield code="b">n</subfield><subfield code="2">rdamedia</subfield></datafield><datafield ind1=" " ind2=" " tag="338"><subfield code="b">nc</subfield><subfield code="2">rdacarrier</subfield></datafield><datafield ind1="1" ind2=" " tag="490"><subfield code="a">Department of Geology publication</subfield><subfield code="v">no 266</subfield></datafield><datafield ind1="1" ind2=" " tag="490"><subfield code="a">Australian National Universit</subfield><subfield code="v">(Department of Geology, publication no.266</subfield></datafield><datafield ind1=" " ind2=" " tag="500"><subfield code="a">Originaltitel: Facii regionalʹnogo metamorfizma vysokich davlenij</subfield></datafield><datafield ind1=" " ind2="7" tag="650"><subfield code="a">REGIONALMETAMORPHOSE (PETROGRAPHIE)</subfield><subfield code="9">ger</subfield><subfield code="0">(ETHUDK)000020536</subfield><subfield code="2">ethudk</subfield></datafield><datafield ind1="1" ind2=" " tag="700"><subfield code="a">Dobrecov, Nikolaj L.</subfield><subfield code="d">1936-2020</subfield><subfield code="0">(DE-588)124109519</subfield></datafield><datafield ind1="1" ind2=" " tag="700"><subfield code="a">Sobolev, Vladimir Stepanovič</subfield><subfield code="d">1908-1982</subfield><subfield code="0">(DE-588)13683180X</subfield></datafield><datafield ind1="1" ind2=" " tag="700"><subfield code="a">Dobrecov, N.L.</subfield></datafield><datafield ind1="1" ind2=" " tag="700"><subfield code="a">Sobolev, V.S</subfield><subfield code="0">(RERO)A003841281</subfield></datafield><datafield ind1="1" ind2=" " tag="700"><subfield code="a">Brown, David Alexander</subfield><subfield code="0">(RERO)A003047995</subfield></datafield><datafield ind1=" " ind2=" " tag="830"><subfield code="a">Publications</subfield><subfield code="v">266</subfield><subfield code="w">(RERO)0923985-41slsp</subfield></datafield><datafield ind1=" " ind2=" " tag="830"><subfield code="a">Publications</subfield><subfield code="v">266</subfield><subfield code="w">(NEBIS)000059312EBI01</subfield></datafield><datafield ind1=" " ind2=" " tag="830"><subfield code="a">Publication</subfield><subfield code="v">266</subfield><subfield code="w">(IDSBB)001229849DSV01</subfield></datafield><datafield ind1=" " ind2=" " tag="900"><subfield code="a">REROnoselfmerge</subfield></datafield></record>
</metadata></record>