<record><header><identifier>oai:alma.41SLSP_UGE:991000001059705502</identifier><datestamp>2023-03-01T01:09:00Z</datestamp><setSpec>uge_bcen_RapidILL_BOOK</setSpec><setSpec>uge_aaca_RapidILL_BOOK</setSpec><setSpec>uge_abels_RapidILL_BOOK</setSpec><setSpec>uge_dbu_RapidILL_BOOK</setSpec><setSpec>uge_cmu_RapidILL_BOOK</setSpec><setSpec>uge_mail_RapidILL_BOOK</setSpec><setSpec>UNIGE_ALL</setSpec><setSpec>uge_abbat_RapidILL_BOOK</setSpec><setSpec>uge_aobs_RapidILL_BOOK</setSpec><setSpec>uge_acar_RapidILL_BOOK</setSpec></header><metadata>
<record xmlns="http://www.loc.gov/MARC21/slim" xmlns:xsi="http://www.w3.org/2001/XMLSchema-instance" xsi:schemaLocation="http://www.loc.gov/MARC21/slim http://www.loc.gov/standards/marcxml/schema/MARC21slim.xsd"><leader>01360nam a22003732c 4500</leader><controlfield tag="001">991000001059705502</controlfield><controlfield tag="005">20201231170542.0</controlfield><controlfield tag="008">201012t19521952au            00| | ger|d</controlfield><datafield ind1=" " ind2=" " tag="035"><subfield code="a">(swissbib)242706649-41slsp_network</subfield></datafield><datafield ind1=" " ind2=" " tag="035"><subfield code="a">242706649</subfield><subfield code="9">ExL</subfield></datafield><datafield ind1=" " ind2=" " tag="035"><subfield code="a">(IDSBB)004084342DSV01</subfield></datafield><datafield ind1=" " ind2=" " tag="035"><subfield code="a">(NEBIS)001536179EBI01</subfield></datafield><datafield ind1=" " ind2=" " tag="035"><subfield code="a">(RERO)0353686-41slsp</subfield></datafield><datafield ind1=" " ind2=" " tag="035"><subfield code="a">(EXLNZ-41SLSP_NETWORK)991047797609705501</subfield></datafield><datafield ind1=" " ind2=" " tag="040"><subfield code="a">ETH-BIB</subfield><subfield code="e">kids</subfield><subfield code="d">CH-ZuSLS</subfield></datafield><datafield ind1=" " ind2="7" tag="072"><subfield code="a">ph</subfield><subfield code="2">rero</subfield></datafield><datafield ind1="1" ind2=" " tag="100"><subfield code="a">Schlick, Moritz</subfield><subfield code="d">1882-1936</subfield><subfield code="0">(DE-588)118608193</subfield><subfield code="6">880-01</subfield></datafield><datafield ind1="1" ind2=" " tag="880"><subfield code="a">Schlick, Moritz</subfield><subfield code="0">(RERO)A003798312</subfield><subfield code="4">cre</subfield><subfield code="6">100-01</subfield></datafield><datafield ind1="1" ind2="0" tag="245"><subfield code="a">Natur und Kultur</subfield><subfield code="c">von Moritz Schlick ; [aus dem Nachlass des Autors hrsg. von Josef Rauscher]</subfield></datafield><datafield ind1=" " ind2="1" tag="264"><subfield code="a">Wien</subfield><subfield code="b">Humboldt</subfield><subfield code="c">1952</subfield></datafield><datafield ind1=" " ind2="4" tag="264"><subfield code="c">© 1952</subfield></datafield><datafield ind1=" " ind2=" " tag="300"><subfield code="a">125 S.</subfield><subfield code="b">Portr.</subfield></datafield><datafield ind1=" " ind2=" " tag="336"><subfield code="b">txt</subfield><subfield code="2">rdacontent</subfield></datafield><datafield ind1=" " ind2=" " tag="337"><subfield code="b">n</subfield><subfield code="2">rdamedia</subfield></datafield><datafield ind1=" " ind2=" " tag="338"><subfield code="b">nc</subfield><subfield code="2">rdacarrier</subfield></datafield><datafield ind1="1" ind2=" " tag="490"><subfield code="a">Sammlung Die Universität</subfield><subfield code="v">Bd. 30</subfield></datafield><datafield ind1=" " ind2="4" tag="650"><subfield code="a">Kulturphilosophie</subfield></datafield><datafield ind1=" " ind2="7" tag="650"><subfield code="a">KULTURPHILOSOPHIE</subfield><subfield code="9">ger</subfield><subfield code="0">(ETHUDK)000009422</subfield><subfield code="2">ethudk</subfield></datafield><datafield ind1=" " ind2="7" tag="650"><subfield code="a">NEOPOSITIVISMUS (ERKENNTNISTHEORIE)</subfield><subfield code="9">ger</subfield><subfield code="0">(ETHUDK)000009685</subfield><subfield code="2">ethudk</subfield></datafield><datafield ind1=" " ind2=" " tag="690"><subfield code="a">18.20</subfield><subfield code="d">Logischer Positivismus</subfield><subfield code="2">uzb-VA</subfield></datafield><datafield ind1=" " ind2=" " tag="690"><subfield code="a">18.62</subfield><subfield code="d">Kulturphilosophie (20.Jh.)</subfield><subfield code="2">uzb-VA</subfield></datafield><datafield ind1="1" ind2=" " tag="700"><subfield code="a">Rauscher, Josef</subfield></datafield><datafield ind1=" " ind2=" " tag="830"><subfield code="a">&lt;&lt;Die&gt;&gt; Universität</subfield><subfield code="v">30</subfield><subfield code="w">(IDSBB)000018354DSV01</subfield></datafield><datafield ind1=" " ind2=" " tag="830"><subfield code="a">Sammlung Die Universität</subfield><subfield code="v">30</subfield><subfield code="w">(NEBIS)000028444EBI01</subfield></datafield><datafield ind1=" " ind2=" " tag="900"><subfield code="a">REROnoselfmerge</subfield></datafield></record>
</metadata></record>