<record><header><identifier>oai:alma.41SLSP_UGE:991000001159705502</identifier><datestamp>2023-03-01T01:09:00Z</datestamp><setSpec>uge_bcen_RapidILL_BOOK</setSpec><setSpec>uge_aaca_RapidILL_BOOK</setSpec><setSpec>uge_abels_RapidILL_BOOK</setSpec><setSpec>uge_dbu_RapidILL_BOOK</setSpec><setSpec>uge_cmu_RapidILL_BOOK</setSpec><setSpec>uge_mail_RapidILL_BOOK</setSpec><setSpec>UNIGE_ALL</setSpec><setSpec>uge_abbat_RapidILL_BOOK</setSpec><setSpec>uge_aobs_RapidILL_BOOK</setSpec><setSpec>uge_acar_RapidILL_BOOK</setSpec></header><metadata>
<record xmlns="http://www.loc.gov/MARC21/slim" xmlns:xsi="http://www.w3.org/2001/XMLSchema-instance" xsi:schemaLocation="http://www.loc.gov/MARC21/slim http://www.loc.gov/standards/marcxml/schema/MARC21slim.xsd"><leader>05960nam a2200421 c 4500</leader><controlfield tag="001">991000001159705502</controlfield><controlfield tag="005">20210207120331.0</controlfield><controlfield tag="008">001114s1999    ru ||||| |||| 00| ||rus d</controlfield><datafield ind1=" " ind2=" " tag="019"><subfield code="a">Notices analytiques</subfield><subfield code="5">RERO/gevimv/10.1999</subfield></datafield><datafield ind1=" " ind2=" " tag="020"><subfield code="a">5201133630</subfield></datafield><datafield ind1=" " ind2=" " tag="035"><subfield code="a">(swissbib)094956847-41slsp_network</subfield></datafield><datafield ind1=" " ind2=" " tag="035"><subfield code="a">094956847</subfield><subfield code="9">ExL</subfield></datafield><datafield ind1=" " ind2=" " tag="035"><subfield code="a">(RERO)R258674760-41slsp</subfield></datafield><datafield ind1=" " ind2=" " tag="035"><subfield code="a">(EXLNZ-41SLSP_NETWORK)991125997789705501</subfield></datafield><datafield ind1=" " ind2=" " tag="040"><subfield code="a">RERO gevimv</subfield><subfield code="d">CH-ZuSLS</subfield></datafield><datafield ind1="0" ind2=" " tag="041"><subfield code="a">rus</subfield><subfield code="a">fre</subfield></datafield><datafield ind1=" " ind2="7" tag="072"><subfield code="a">fr</subfield><subfield code="2">rero</subfield></datafield><datafield ind1="0" ind2="0" tag="245"><subfield code="6">880-01</subfield><subfield code="a">Volʹter i Rossii︠a︡</subfield><subfield code="c">pod red. A.D. Mikhaĭlova, A.F. Stroeva ; Institut mirovoĭ literatury im. A.M. Gorʹkogo Rossiĭskoĭ akademii nauk, Vserossiĭskai︠a︡ gosudarstvennai︠a︡ biblioteka inostrannoĭ literatury im. M.I. Rudomino = [Voltaire et la Russie] / [sous la dir. de A.D. Mikhaïlov et A.F. Stroev ; Institut Gorki de littérature mondiale de l'Académie des sciences de Russie, Bibliothèque d'Etat de littérature étrangère M.I. Roudomino]</subfield></datafield><datafield ind1="0" ind2="0" tag="880"><subfield code="6">245-01/(N</subfield><subfield code="a">Вольтер и Россия</subfield><subfield code="c">под ред. А.Д. Михайлова, А.Ф. Строева ; Институт мировой литературы им. А.М. Горького Российской академии наук, Всероссийская государственная библиотека иностранной литературы им. М.В. Рудомино = [Voltaire et la Russie] / [sous la dir. de A.D. Mikhaïlov et A.F. Stroev ; Institut Gorki de littérature mondiale de l'Académie des sciences de Russie, Bibliothèque d'Etat de littérature étrangère M.I. Roudomino]</subfield></datafield><datafield ind1="1" ind2=" " tag="246"><subfield code="a">Volʹter i Rossija / pod red. A.D. Michajlova, A.F. Stroeva ; Institut mirovoj literatury im. A.M. Gorʹkogo Rossijskoj akademii nauk, Vserossijskaja gosudarstvennaja biblioteka inostrannoj literatury im. M.I. Rudomino = [Voltaire et la Russie] / [sous la dir. de A.D. Mikhaïlov et A.F. Stroev ; Institut Gorki de littérature mondiale de l'Académie des sciences de Russie, Bibliothèque d'Etat de littérature étrangère M.I. Roudomino]</subfield></datafield><datafield ind1=" " ind2="1" tag="264"><subfield code="6">880-02</subfield><subfield code="a">Moskva</subfield><subfield code="b">Nasledie</subfield><subfield code="c">1999</subfield></datafield><datafield ind1=" " ind2="1" tag="880"><subfield code="6">264-02/(N</subfield><subfield code="a">Москва</subfield><subfield code="b">Наследие</subfield><subfield code="c">1999</subfield></datafield><datafield ind1=" " ind2=" " tag="300"><subfield code="a">168 p.</subfield><subfield code="c">20 cm</subfield></datafield><datafield ind1=" " ind2=" " tag="336"><subfield code="b">txt</subfield><subfield code="2">rdacontent</subfield></datafield><datafield ind1=" " ind2=" " tag="337"><subfield code="b">n</subfield><subfield code="2">rdamedia</subfield></datafield><datafield ind1=" " ind2=" " tag="338"><subfield code="b">nc</subfield><subfield code="2">rdacarrier</subfield></datafield><datafield ind1="1" ind2=" " tag="490"><subfield code="6">880-03</subfield><subfield code="a">Sravnitelʹnoe literaturovedenie</subfield><subfield code="v">vypusk 2</subfield></datafield><datafield ind1="0" ind2=" " tag="880"><subfield code="6">490-03/(N</subfield><subfield code="a">Сравнительное литературоведение</subfield><subfield code="v">выпуск 2</subfield></datafield><datafield ind1=" " ind2=" " tag="500"><subfield code="a">Résumés en français</subfield></datafield><datafield ind1=" " ind2=" " tag="504"><subfield code="a">Index</subfield></datafield><datafield ind1="1" ind2=" " tag="700"><subfield code="6">880-04</subfield><subfield code="a">Mihajlov, Andrej Dmitrievič</subfield><subfield code="d">1929-....</subfield><subfield code="0">(IDREF)066756847</subfield></datafield><datafield ind1="1" ind2=" " tag="880"><subfield code="6">700-04/(N</subfield><subfield code="a">Михайлов, А.Д</subfield></datafield><datafield ind1="2" ind2=" " tag="710"><subfield code="6">880-05</subfield><subfield code="a">Rossiĭskai︠a︡ akademii︠a︡ nauk</subfield><subfield code="b">Institut mirovoĭ literatury im. A.M. Gorʹkogo</subfield><subfield code="0">(RERO)A021730124</subfield></datafield><datafield ind1="2" ind2=" " tag="880"><subfield code="6">710-05/(N</subfield><subfield code="a">Российская академия наук</subfield><subfield code="b">Институт мировой литературы им. А.М. Горького</subfield></datafield><datafield ind1="2" ind2=" " tag="710"><subfield code="6">880-06</subfield><subfield code="a">Vserossijskaâ gosudarstvennaâ biblioteka inostrannoj literatury imeni M.I. Rudomino</subfield><subfield code="0">(IDREF)29016746</subfield></datafield><datafield ind1="2" ind2=" " tag="880"><subfield code="6">710-06/(N</subfield><subfield code="a">Всероссийская государственная библиотека иностранной литературы имени М.И. Рудомино (Москва)</subfield></datafield><datafield ind1=" " ind2="0" tag="830"><subfield code="6">880-08</subfield><subfield code="a">Sravnitelʹnoe literaturovedenie</subfield><subfield code="v">2</subfield><subfield code="w">(RERO)R258670960-41slsp</subfield></datafield><datafield ind1=" " ind2="0" tag="880"><subfield code="6">830-08</subfield><subfield code="a">Сравнительное литературоведение</subfield><subfield code="v">2</subfield></datafield><datafield ind1=" " ind2=" " tag="900"><subfield code="a">REROnoselfmerge</subfield></datafield></record>
</metadata></record>