<record><header><identifier>oai:alma.41SLSP_UGE:991000001699705502</identifier><datestamp>2023-06-26T00:15:07Z</datestamp><setSpec>UNIGE_ALL</setSpec></header><metadata>
<record xmlns="http://www.loc.gov/MARC21/slim" xmlns:xsi="http://www.w3.org/2001/XMLSchema-instance" xsi:schemaLocation="http://www.loc.gov/MARC21/slim http://www.loc.gov/standards/marcxml/schema/MARC21slim.xsd"><leader>01815ngm a2200349 c 4500</leader><controlfield tag="001">991000001699705502</controlfield><controlfield tag="005">20230625173041.0</controlfield><controlfield tag="007">vd#|v||||</controlfield><controlfield tag="008">070213s2006    fr ||| |          v|ira d</controlfield><datafield ind1="4" ind2="2" tag="028"><subfield code="a">040829 8831900</subfield></datafield><datafield ind1=" " ind2=" " tag="035"><subfield code="a">(swissbib)104764139-41slsp_network</subfield></datafield><datafield ind1=" " ind2=" " tag="035"><subfield code="a">104764139</subfield><subfield code="9">ExL</subfield></datafield><datafield ind1=" " ind2=" " tag="035"><subfield code="a">(RERO)R004333087-41slsp</subfield></datafield><datafield ind1=" " ind2=" " tag="035"><subfield code="a">(EXLNZ-41SLSP_NETWORK)991125629929705501</subfield></datafield><datafield ind1=" " ind2=" " tag="040"><subfield code="a">RERO labcud</subfield><subfield code="d">CH-ZuSLS</subfield></datafield><datafield ind1="1" ind2=" " tag="041"><subfield code="a">ira</subfield><subfield code="a">eng</subfield><subfield code="a">fre</subfield><subfield code="h">ira</subfield></datafield><datafield ind1=" " ind2="7" tag="072"><subfield code="a">ba</subfield><subfield code="2">rero</subfield></datafield><datafield ind1="0" ind2="0" tag="245"><subfield code="a">Five</subfield><subfield code="c">de Abbas Kiarostami ; scénario, image, montage Abbas Kiarostami ; prod. par Marin Karmitz ... [et al.]</subfield></datafield><datafield ind1=" " ind2="1" tag="264"><subfield code="a">[Paris]</subfield><subfield code="b">MK2</subfield><subfield code="c">2006</subfield></datafield><datafield ind1=" " ind2=" " tag="300"><subfield code="a">1 DVD vidéo (ca 134 min)</subfield></datafield><datafield ind1=" " ind2=" " tag="336"><subfield code="b">tdi</subfield><subfield code="2">rdacontent</subfield></datafield><datafield ind1=" " ind2=" " tag="337"><subfield code="b">v</subfield><subfield code="2">rdamedia</subfield></datafield><datafield ind1=" " ind2=" " tag="338"><subfield code="b">vd</subfield><subfield code="2">rdacarrier</subfield></datafield><datafield ind1=" " ind2=" " tag="500"><subfield code="a">Une prod.: MK2 Prod. / NHK / Behnegar, cop. 2003</subfield></datafield><datafield ind1=" " ind2=" " tag="500"><subfield code="a">Durée du film: ca 74 min.</subfield></datafield><datafield ind1=" " ind2=" " tag="500"><subfield code="a">Version originale farsi sous-titrée français et anglais</subfield></datafield><datafield ind1=" " ind2=" " tag="500"><subfield code="a">Toutes zones</subfield></datafield><datafield ind1="0" ind2=" " tag="505"><subfield code="a">Les compléments: Around Five : le making of (1 h.)</subfield></datafield><datafield ind1="8" ind2=" " tag="520"><subfield code="a">&quot;1- La caméra accompagne un morceau de bois avec lequel jouent les vagues, au bord de la plage. 2- Des personnes se promènent près de la mer. Les plus âgés s'arrêtent, observent les vagues, puis s'éloignent. Plus personne ne passe, reste la mer et les vagues qui se brisent sur la plage. 3- Des formes indistinctes sur une plage hivernale. Un groupe de chiens. Une histoire d'amour. 4- Des canards traversent bruyamment le plan. Dans une direction, puis dans l'autre. 5- Une mare. La nuit. Des grenouilles. Un concert de bruits. Puis l'orage. Et enfin l'aube.&quot;</subfield><subfield code="5">RERO/geumem/10.1998</subfield></datafield><datafield ind1=" " ind2="7" tag="655"><subfield code="a">DVD</subfield><subfield code="0">(IDREF)035108444</subfield><subfield code="2">idref</subfield></datafield><datafield ind1=" " ind2="7" tag="655"><subfield code="a">Films de fiction</subfield><subfield code="0">(IDREF)14779644X</subfield><subfield code="2">idref</subfield></datafield><datafield ind1="1" ind2=" " tag="700"><subfield code="a">Kiarostami, Abbas</subfield><subfield code="0">(RERO)A016433997</subfield><subfield code="4">fmd</subfield></datafield><datafield ind1="1" ind2=" " tag="700"><subfield code="a">Karmitz, Marin</subfield><subfield code="d">1938-....</subfield><subfield code="0">(IDREF)033534772</subfield><subfield code="4">fmp</subfield></datafield></record>
</metadata></record>