<record><header><identifier>oai:alma.41SLSP_UGE:991000001609705502</identifier><datestamp>2024-03-20T02:18:35Z</datestamp><setSpec>uge_bcen_RapidILL_BOOK</setSpec><setSpec>uge_aaca_RapidILL_BOOK</setSpec><setSpec>uge_abels_RapidILL_BOOK</setSpec><setSpec>uge_dbu_RapidILL_BOOK</setSpec><setSpec>uge_cmu_RapidILL_BOOK</setSpec><setSpec>uge_mail_RapidILL_BOOK</setSpec><setSpec>uge_abbat_RapidILL_BOOK</setSpec><setSpec>UNIGE_ALL</setSpec><setSpec>uge_acar_RapidILL_BOOK</setSpec><setSpec>uge_aobs_RapidILL_BOOK</setSpec></header><metadata>
<record xmlns="http://www.loc.gov/MARC21/slim" xmlns:xsi="http://www.w3.org/2001/XMLSchema-instance" xsi:schemaLocation="http://www.loc.gov/MARC21/slim http://www.loc.gov/standards/marcxml/schema/MARC21slim.xsd"><leader>01426nam a2200373uca4500</leader><controlfield tag="001">991000001609705502</controlfield><controlfield tag="005">20240319223343.0</controlfield><controlfield tag="008">201011s1976    xxu    |      10| ||eng|d</controlfield><datafield ind1=" " ind2=" " tag="019"><subfield code="a">Übergeordnete Aufnahme = Niveau supérieur = Livello superiore</subfield><subfield code="5">SLSP/2020</subfield></datafield><datafield ind1=" " ind2=" " tag="020"><subfield code="a">0444001883</subfield></datafield><datafield ind1=" " ind2=" " tag="020"><subfield code="a">0720486084</subfield></datafield><datafield ind1=" " ind2=" " tag="020"><subfield code="a">0444001891</subfield></datafield><datafield ind1=" " ind2=" " tag="020"><subfield code="a">0720486092</subfield></datafield><datafield ind1=" " ind2=" " tag="035"><subfield code="a">(swissbib)221162631-41slsp_network</subfield></datafield><datafield ind1=" " ind2=" " tag="035"><subfield code="a">221162631</subfield><subfield code="9">ExL</subfield></datafield><datafield ind1=" " ind2=" " tag="035"><subfield code="a">(NEBIS)000110889EBI01</subfield></datafield><datafield ind1=" " ind2=" " tag="035"><subfield code="a">(RERO)0815057-41slsp</subfield></datafield><datafield ind1=" " ind2=" " tag="035"><subfield code="a">(EXLNZ-41SLSP_NETWORK)991096211989705501</subfield></datafield><datafield ind1=" " ind2=" " tag="040"><subfield code="a">ETH-BIB</subfield><subfield code="b">ger</subfield><subfield code="e">ETHICS-ISBD</subfield><subfield code="d">CH-ZuSLS</subfield></datafield><datafield ind1=" " ind2="7" tag="072"><subfield code="a">se</subfield><subfield code="2">rero</subfield></datafield><datafield ind1="0" ind2="0" tag="245"><subfield code="a">&lt;&lt;The&gt;&gt; Management of organization design</subfield><subfield code="b">(pres.at a conference on organization design, Pittsburgh - Pa., October 1974)</subfield><subfield code="c">contrib.: Peter Clark a.o.; ed.: Ralph H.Kilmann, Louis R.Pondy, Dennis P.Slevin</subfield></datafield><datafield ind1=" " ind2="1" tag="264"><subfield code="a">New York a.o.</subfield><subfield code="b">North-Holland</subfield><subfield code="c">1976</subfield></datafield><datafield ind1=" " ind2="4" tag="264"><subfield code="c">© 1976</subfield></datafield><datafield ind1=" " ind2=" " tag="300"><subfield code="a">2 vol.: ill.</subfield><subfield code="c">24 cm</subfield></datafield><datafield ind1=" " ind2=" " tag="336"><subfield code="b">txt</subfield><subfield code="2">rdacontent</subfield></datafield><datafield ind1=" " ind2=" " tag="337"><subfield code="b">n</subfield><subfield code="2">rdamedia</subfield></datafield><datafield ind1=" " ind2=" " tag="338"><subfield code="b">nc</subfield><subfield code="2">rdacarrier</subfield></datafield><datafield ind1=" " ind2="7" tag="650"><subfield code="a">ORGANISATIONSMETHODEN (BETRIEBSWIRTSCHAFT)</subfield><subfield code="9">ger</subfield><subfield code="0">(ETHUDK)000032221</subfield><subfield code="2">ethudk</subfield></datafield><datafield ind1=" " ind2="7" tag="655"><subfield code="a">Konferenzschrift</subfield><subfield code="z">Pittsburgh (PA)</subfield><subfield code="y">1974/10</subfield><subfield code="2">gnd-content</subfield></datafield><datafield ind1="1" ind2=" " tag="700"><subfield code="a">Kilmann, Ralph H.</subfield><subfield code="0">(IDREF)074521330</subfield></datafield><datafield ind1="1" ind2=" " tag="700"><subfield code="a">Kilmann, R.H.</subfield></datafield><datafield ind1="1" ind2=" " tag="700"><subfield code="a">Pondy, L.R.</subfield></datafield><datafield ind1="1" ind2=" " tag="700"><subfield code="a">Slevin, D.P.</subfield></datafield><datafield ind1="2" ind2=" " tag="711"><subfield code="a">Conference on Organization Design</subfield><subfield code="d">1974</subfield><subfield code="c">Pittsburgh, PA</subfield><subfield code="0">(DE-588)1091113246</subfield></datafield><datafield ind1=" " ind2=" " tag="900"><subfield code="a">REROnoselfmerge</subfield></datafield></record>
</metadata></record>