<record><header><identifier>oai:alma.41SLSP_UGE:991000001189705502</identifier><datestamp>2023-06-20T00:21:58Z</datestamp><setSpec>uge_bcen_RapidILL_BOOK</setSpec><setSpec>uge_aaca_RapidILL_BOOK</setSpec><setSpec>uge_abels_RapidILL_BOOK</setSpec><setSpec>uge_dbu_RapidILL_BOOK</setSpec><setSpec>uge_cmu_RapidILL_BOOK</setSpec><setSpec>uge_mail_RapidILL_BOOK</setSpec><setSpec>uge_abbat_RapidILL_BOOK</setSpec><setSpec>UNIGE_ALL</setSpec><setSpec>uge_acar_RapidILL_BOOK</setSpec><setSpec>uge_aobs_RapidILL_BOOK</setSpec></header><metadata>
<record xmlns="http://www.loc.gov/MARC21/slim" xmlns:xsi="http://www.w3.org/2001/XMLSchema-instance" xsi:schemaLocation="http://www.loc.gov/MARC21/slim http://www.loc.gov/standards/marcxml/schema/MARC21slim.xsd"><leader>03708nam a2200877 c 4500</leader><controlfield tag="001">991000001189705502</controlfield><controlfield tag="005">20230619210434.0</controlfield><controlfield tag="008">201012s2010    xxu||||| |||| 00| ||eng d</controlfield><datafield ind1=" " ind2=" " tag="010"><subfield code="a">2009041244</subfield></datafield><datafield ind1=" " ind2=" " tag="015"><subfield code="a">GBB011871</subfield><subfield code="2">bnb</subfield></datafield><datafield ind1="7" ind2=" " tag="016"><subfield code="a">015478830</subfield><subfield code="2">Uk</subfield></datafield><datafield ind1=" " ind2=" " tag="020"><subfield code="a">9780674049833</subfield></datafield><datafield ind1=" " ind2=" " tag="035"><subfield code="a">(swissbib)23518067X-41slsp_network</subfield></datafield><datafield ind1=" " ind2=" " tag="035"><subfield code="a">23518067X</subfield><subfield code="9">ExL</subfield></datafield><datafield ind1=" " ind2=" " tag="035"><subfield code="a">(RERO)R005727324-41slsp</subfield></datafield><datafield ind1=" " ind2=" " tag="035"><subfield code="a">(IDSBB)005200052DSV01</subfield></datafield><datafield ind1=" " ind2=" " tag="035"><subfield code="a">(NEBIS)006128056EBI01</subfield></datafield><datafield ind1=" " ind2=" " tag="035"><subfield code="a">(OCoLC)456169962</subfield></datafield><datafield ind1=" " ind2=" " tag="035"><subfield code="a">(EXLNZ-41SLSP_NETWORK)991116310119705501</subfield></datafield><datafield ind1=" " ind2=" " tag="040"><subfield code="a">DLC</subfield><subfield code="d">CH-ZuSLS</subfield></datafield><datafield ind1=" " ind2=" " tag="050"><subfield code="a">D524.7.G8</subfield><subfield code="b">D66 2010</subfield></datafield><datafield ind1=" " ind2="7" tag="072"><subfield code="a">ht</subfield><subfield code="2">rero</subfield></datafield><datafield ind1=" " ind2="7" tag="072"><subfield code="a">ng</subfield><subfield code="2">SzZuIDS BS/BE</subfield></datafield><datafield ind1="0" ind2="4" tag="082"><subfield code="a">940.3/430835</subfield><subfield code="2">22</subfield></datafield><datafield ind1="0" ind2="4" tag="082"><subfield code="a">943.0849</subfield><subfield code="2">22/ger</subfield></datafield><datafield ind1="1" ind2="4" tag="082"><subfield code="a">900</subfield><subfield code="2">15</subfield></datafield><datafield ind1=" " ind2=" " tag="084"><subfield code="a">NP 4470</subfield><subfield code="2">rvk</subfield></datafield><datafield ind1="1" ind2=" " tag="100"><subfield code="a">Donson, Andrew</subfield><subfield code="0">(IDREF)147040787</subfield><subfield code="4">cre</subfield></datafield><datafield ind1="1" ind2="0" tag="245"><subfield code="a">Youth in the fatherless land</subfield><subfield code="b">war pedagogy, nationalism, and authority in Germany, 1914-1918</subfield><subfield code="c">Andrew Donson</subfield></datafield><datafield ind1=" " ind2="1" tag="264"><subfield code="a">Cambridge (Mass.)</subfield><subfield code="b">Harvard University Press</subfield><subfield code="c">2010</subfield></datafield><datafield ind1=" " ind2=" " tag="300"><subfield code="a">329 p.</subfield><subfield code="b">ill.</subfield></datafield><datafield ind1=" " ind2=" " tag="336"><subfield code="b">txt</subfield><subfield code="2">rdacontent</subfield></datafield><datafield ind1=" " ind2=" " tag="337"><subfield code="b">n</subfield><subfield code="2">rdamedia</subfield></datafield><datafield ind1=" " ind2=" " tag="338"><subfield code="b">nc</subfield><subfield code="2">rdacarrier</subfield></datafield><datafield ind1="1" ind2=" " tag="490"><subfield code="a">Harvard historical studies</subfield><subfield code="v">169</subfield></datafield><datafield ind1=" " ind2=" " tag="504"><subfield code="a">Includes bibliographical references and index</subfield></datafield><datafield ind1=" " ind2="7" tag="648"><subfield code="a">Erster Weltkrieg (Epoche)</subfield><subfield code="2">idszbz</subfield></datafield><datafield ind1=" " ind2="7" tag="648"><subfield code="a">Geschichte 1914-1918</subfield><subfield code="2">idszbz</subfield></datafield><datafield ind1=" " ind2="7" tag="648"><subfield code="a">Geschichte 1900-1950</subfield><subfield code="2">idszbz</subfield></datafield><datafield ind1=" " ind2="7" tag="648"><subfield code="a">Geschichte 1914-1918</subfield><subfield code="2">gnd</subfield></datafield><datafield ind1=" " ind2="0" tag="650"><subfield code="a">Nationalism</subfield><subfield code="z">Germany</subfield><subfield code="x">History</subfield><subfield code="y">20th century</subfield></datafield><datafield ind1=" " ind2="0" tag="650"><subfield code="a">War and society</subfield><subfield code="z">Germany</subfield><subfield code="x">History</subfield><subfield code="y">20th century</subfield></datafield><datafield ind1=" " ind2="0" tag="650"><subfield code="a">World War, 1914-1918</subfield><subfield code="x">Social aspects</subfield><subfield code="z">Germany</subfield></datafield><datafield ind1=" " ind2="0" tag="650"><subfield code="a">Youth</subfield><subfield code="z">Germany</subfield><subfield code="x">History</subfield><subfield code="y">20th century</subfield></datafield><datafield ind1=" " ind2="0" tag="650"><subfield code="a">Youth</subfield><subfield code="z">Germany</subfield><subfield code="x">Social conditions</subfield><subfield code="y">20th century</subfield></datafield><datafield ind1=" " ind2="7" tag="650"><subfield code="a">Autorité</subfield><subfield code="0">(IDREF)027259676</subfield><subfield code="2">idref</subfield></datafield><datafield ind1=" " ind2="7" tag="650"><subfield code="a">Éducation</subfield><subfield code="0">(IDREF)027555100</subfield><subfield code="2">idref</subfield></datafield><datafield ind1=" " ind2="7" tag="650"><subfield code="a">Jeunes</subfield><subfield code="0">(IDREF)031888577</subfield><subfield code="2">idref</subfield></datafield><datafield ind1=" " ind2="7" tag="650"><subfield code="a">Nationalisme</subfield><subfield code="0">(IDREF)027303365</subfield><subfield code="2">idref</subfield></datafield><datafield ind1=" " ind2="7" tag="650"><subfield code="a">1914-1918</subfield><subfield code="2">rero</subfield></datafield><datafield ind1=" " ind2="7" tag="650"><subfield code="a">Enfants</subfield><subfield code="0">(IDREF)027233278</subfield><subfield code="2">idref</subfield></datafield><datafield ind1=" " ind2="7" tag="650"><subfield code="a">Jugend</subfield><subfield code="x">Weltkrieg I</subfield><subfield code="z">Deutschland</subfield><subfield code="2">idsbb</subfield></datafield><datafield ind1=" " ind2="7" tag="650"><subfield code="a">Weltkrieg I</subfield><subfield code="x">Jugend</subfield><subfield code="z">Deutschland</subfield><subfield code="2">idsbb</subfield></datafield><datafield ind1=" " ind2="7" tag="650"><subfield code="a">Erziehung</subfield><subfield code="x">Weltkrieg I</subfield><subfield code="z">Deutschland</subfield><subfield code="y">Geschichte 20. Jh</subfield><subfield code="2">idsbb</subfield></datafield><datafield ind1=" " ind2="7" tag="650"><subfield code="a">Weltkrieg I</subfield><subfield code="x">Erziehung</subfield><subfield code="z">Deutschland</subfield><subfield code="y">Geschichte 20. Jh</subfield><subfield code="2">idsbb</subfield></datafield><datafield ind1=" " ind2="7" tag="650"><subfield code="a">Jugend</subfield><subfield code="0">(DE-588)4028859-6</subfield><subfield code="2">gnd</subfield></datafield><datafield ind1=" " ind2="7" tag="650"><subfield code="a">Weltkrieg</subfield><subfield code="g">1914-1918</subfield><subfield code="0">(DE-588)4079163-4</subfield><subfield code="2">gnd</subfield></datafield><datafield ind1=" " ind2="7" tag="650"><subfield code="a">Militarismus</subfield><subfield code="2">idszbz</subfield></datafield><datafield ind1=" " ind2="7" tag="650"><subfield code="a">Politisierung</subfield><subfield code="2">idszbz</subfield></datafield><datafield ind1=" " ind2="7" tag="650"><subfield code="a">Jugend</subfield><subfield code="2">idszbz</subfield></datafield><datafield ind1=" " ind2="7" tag="650"><subfield code="a">Politisierung</subfield><subfield code="0">(DE-588)4046590-1</subfield><subfield code="2">gnd</subfield></datafield><datafield ind1=" " ind2="7" tag="650"><subfield code="a">DEUTSCHLAND (MITTELEUROPA). BUNDESREPUBLIK DEUTSCHLAND</subfield><subfield code="9">ger</subfield><subfield code="0">(ETHUDK)000041967</subfield><subfield code="2">ethudk</subfield></datafield><datafield ind1=" " ind2="7" tag="650"><subfield code="a">GESCHICHTE</subfield><subfield code="9">ger</subfield><subfield code="0">(ETHUDK)000036805</subfield><subfield code="2">ethudk</subfield></datafield><datafield ind1=" " ind2="7" tag="650"><subfield code="a">JUGEND (LEBENSPHASE)</subfield><subfield code="9">ger</subfield><subfield code="0">(ETHUDK)000062036</subfield><subfield code="2">ethudk</subfield></datafield><datafield ind1=" " ind2="7" tag="650"><subfield code="a">KRIEGSMOBILMACHUNG (MILITÄR)</subfield><subfield code="9">ger</subfield><subfield code="0">(ETHUDK)000011765</subfield><subfield code="2">ethudk</subfield></datafield><datafield ind1=" " ind2="7" tag="650"><subfield code="a">NATIONALISMUS + NATIONALBEWUSSTSEIN + CHAUVINISMUS + PATRIOTISMUS (INNENPOLITIK)</subfield><subfield code="9">ger</subfield><subfield code="0">(ETHUDK)000010148</subfield><subfield code="2">ethudk</subfield></datafield><datafield ind1=" " ind2="7" tag="650"><subfield code="a">SOZIOGRAPHIE + SOZIALE LAGE (SOZIALWISSENSCHAFTEN)</subfield><subfield code="9">ger</subfield><subfield code="0">(ETHUDK)000010069</subfield><subfield code="2">ethudk</subfield></datafield><datafield ind1=" " ind2="7" tag="650"><subfield code="a">WELTKRIEG, ERSTER (1914-1918)</subfield><subfield code="9">ger</subfield><subfield code="0">(ETHUDK)000011815</subfield><subfield code="2">ethudk</subfield></datafield><datafield ind1=" " ind2="7" tag="650"><subfield code="a">&quot;1914/1918&quot;</subfield><subfield code="2">ethudk</subfield></datafield><datafield ind1=" " ind2="7" tag="651"><subfield code="a">Allemagne</subfield><subfield code="0">(IDREF)027218856</subfield><subfield code="2">idref</subfield></datafield><datafield ind1=" " ind2="7" tag="651"><subfield code="a">Deutschland</subfield><subfield code="0">(DE-588)4011882-4</subfield><subfield code="2">gnd</subfield></datafield><datafield ind1=" " ind2="7" tag="651"><subfield code="a">Deutschland</subfield><subfield code="2">idszbz</subfield></datafield><datafield ind1="4" ind2=" " tag="856"><subfield code="3">Titelblatt und Inhaltsverzeichnis</subfield><subfield code="u">https://toc.library.ethz.ch/objects/pdf/z01_978-0-674-04983-3_01.pdf</subfield><subfield code="q">pdf</subfield></datafield><datafield ind1=" " ind2="0" tag="830"><subfield code="a">Harvard historical studies</subfield><subfield code="v">169</subfield><subfield code="w">(IDSBB)000037310DSV01</subfield></datafield><datafield ind1=" " ind2=" " tag="900"><subfield code="a">IDSZ2zbzmon201009f</subfield><subfield code="c">IDSZ2gerb</subfield><subfield code="d">IDSZ2zbzswk201009b</subfield><subfield code="e">IDSZ2brue</subfield></datafield><datafield ind1=" " ind2=" " tag="900"><subfield code="a">IDSE5E19ANH-2012</subfield></datafield><datafield ind1=" " ind2=" " tag="949"><subfield code="a">https://toc.library.ethz.ch/objects/pdf/z01_978-0-674-04983-3_01.pdf</subfield></datafield></record>
</metadata></record>