<record><header><identifier>oai:alma.41SLSP_UGE:991000001709705502</identifier><datestamp>2023-03-03T01:07:54Z</datestamp><setSpec>uge_bcen_RapidILL_BOOK</setSpec><setSpec>uge_aaca_RapidILL_BOOK</setSpec><setSpec>uge_abels_RapidILL_BOOK</setSpec><setSpec>uge_dbu_RapidILL_BOOK</setSpec><setSpec>uge_cmu_RapidILL_BOOK</setSpec><setSpec>uge_mail_RapidILL_BOOK</setSpec><setSpec>uge_abbat_RapidILL_BOOK</setSpec><setSpec>UNIGE_ALL</setSpec><setSpec>uge_aobs_RapidILL_BOOK</setSpec><setSpec>uge_acar_RapidILL_BOOK</setSpec></header><metadata>
<record xmlns="http://www.loc.gov/MARC21/slim" xmlns:xsi="http://www.w3.org/2001/XMLSchema-instance" xsi:schemaLocation="http://www.loc.gov/MARC21/slim http://www.loc.gov/standards/marcxml/schema/MARC21slim.xsd"><leader>01845nam a22004572c 4500</leader><controlfield tag="001">991000001709705502</controlfield><controlfield tag="005">20230302182101.0</controlfield><controlfield tag="008">121008s2011    quc||||| |||| 00| ||fre d</controlfield><datafield ind1=" " ind2=" " tag="020"><subfield code="a">2923827104</subfield></datafield><datafield ind1=" " ind2=" " tag="020"><subfield code="a">9782923827100</subfield></datafield><datafield ind1=" " ind2=" " tag="035"><subfield code="a">(swissbib)116490179-41slsp_network</subfield></datafield><datafield ind1=" " ind2=" " tag="035"><subfield code="a">116490179</subfield><subfield code="9">ExL</subfield></datafield><datafield ind1=" " ind2=" " tag="035"><subfield code="a">(RERO)R007156966-41slsp</subfield></datafield><datafield ind1=" " ind2=" " tag="035"><subfield code="a">(EXLNZ-41SLSP_NETWORK)991005529319705501</subfield></datafield><datafield ind1=" " ind2=" " tag="040"><subfield code="a">MUQ</subfield><subfield code="d">CH-ZuSLS</subfield></datafield><datafield ind1="1" ind2="4" tag="050"><subfield code="a">RJ496 A5 T74 2011</subfield></datafield><datafield ind1=" " ind2="7" tag="072"><subfield code="a">me</subfield><subfield code="2">rero</subfield></datafield><datafield ind1="0" ind2="4" tag="082"><subfield code="a">j618.92/8553</subfield><subfield code="2">22</subfield></datafield><datafield ind1="1" ind2=" " tag="100"><subfield code="a">Tremblay, Marianne</subfield><subfield code="0">(IDREF)191147222</subfield><subfield code="4">aut</subfield></datafield><datafield ind1="1" ind2="0" tag="245"><subfield code="a">Laisse-moi t'expliquer... La dyslexie</subfield><subfield code="b">album éducatif pour comprendre et mieux vivre la différence</subfield><subfield code="c">Marianne Tremblay ; collab. : Martine Trussart ; ill. des élèves de la classe de Linda Lapointe, École Bernard-Corbin, Commission scolaire des Affluents</subfield></datafield><datafield ind1="1" ind2=" " tag="246"><subfield code="a">Dyslexie</subfield></datafield><datafield ind1=" " ind2="1" tag="264"><subfield code="a">Québec</subfield><subfield code="b">Midi trente</subfield><subfield code="c">2011</subfield></datafield><datafield ind1=" " ind2=" " tag="300"><subfield code="a">39 p.</subfield><subfield code="b">ill. en coul.</subfield><subfield code="c">25 cm.</subfield></datafield><datafield ind1=" " ind2=" " tag="336"><subfield code="b">txt</subfield><subfield code="2">rdacontent</subfield></datafield><datafield ind1=" " ind2=" " tag="337"><subfield code="b">n</subfield><subfield code="2">rdamedia</subfield></datafield><datafield ind1=" " ind2=" " tag="338"><subfield code="b">nc</subfield><subfield code="2">rdacarrier</subfield></datafield><datafield ind1=" " ind2=" " tag="385"><subfield code="a">Enfants (6-9 ans)</subfield><subfield code="2">rero</subfield></datafield><datafield ind1=" " ind2=" " tag="385"><subfield code="a">Enfants (9-12 ans)</subfield><subfield code="2">rero</subfield></datafield><datafield ind1=" " ind2=" " tag="385"><subfield code="a">Harmos3</subfield><subfield code="2">rero</subfield></datafield><datafield ind1=" " ind2=" " tag="385"><subfield code="a">Harmos4</subfield><subfield code="2">rero</subfield></datafield><datafield ind1=" " ind2=" " tag="385"><subfield code="a">Harmos5</subfield><subfield code="2">rero</subfield></datafield><datafield ind1=" " ind2=" " tag="385"><subfield code="a">Harmos6</subfield><subfield code="2">rero</subfield></datafield><datafield ind1="0" ind2=" " tag="490"><subfield code="a">Laisse-moi t'expliquer</subfield></datafield><datafield ind1=" " ind2=" " tag="500"><subfield code="a">Cet ouvrage utilise la police de caractère &quot;OpenDyslexic&quot; qui a été développée afin de faciliter la lecture du texte par les personnes dyslexiques.</subfield></datafield><datafield ind1=" " ind2="0" tag="650"><subfield code="a">Dyslexia</subfield><subfield code="v">Juvenile literature</subfield></datafield><datafield ind1=" " ind2="7" tag="650"><subfield code="a">Dyslexie</subfield><subfield code="0">(IDREF)027225062</subfield><subfield code="2">idref</subfield></datafield><datafield ind1=" " ind2="7" tag="655"><subfield code="a">Ouvrages pour la jeunesse</subfield><subfield code="0">(IDREF)028626931</subfield><subfield code="2">idref</subfield></datafield><datafield ind1="1" ind2=" " tag="700"><subfield code="a">Lapointe, Linda</subfield><subfield code="d">1962-</subfield><subfield code="0">(RERO)A022432067</subfield><subfield code="4">ill</subfield></datafield><datafield ind1="1" ind2=" " tag="700"><subfield code="a">Trussart, Martine</subfield><subfield code="0">(IDREF)197525016</subfield><subfield code="4">ctb</subfield></datafield><datafield ind1="2" ind2=" " tag="710"><subfield code="a">École Bernard-Corbin (Terrebonne, Québec)</subfield><subfield code="4">ill</subfield><subfield code="0">(RERO)A022432069</subfield></datafield><datafield ind1=" " ind2=" " tag="900"><subfield code="a">REROnoselfmerge</subfield></datafield><datafield ind1=" " ind2=" " tag="910"><subfield code="a">OCoLC</subfield><subfield code="b">20121008</subfield><subfield code="c">Droits réservés</subfield></datafield></record>
</metadata></record>