<record><header><identifier>oai:alma.41SLSP_UGE:991000001289705502</identifier><datestamp>2023-03-01T01:09:00Z</datestamp><setSpec>uge_bcen_RapidILL_BOOK</setSpec><setSpec>uge_aaca_RapidILL_BOOK</setSpec><setSpec>uge_abels_RapidILL_BOOK</setSpec><setSpec>uge_dbu_RapidILL_BOOK</setSpec><setSpec>uge_cmu_RapidILL_BOOK</setSpec><setSpec>uge_mail_RapidILL_BOOK</setSpec><setSpec>UNIGE_ALL</setSpec><setSpec>uge_abbat_RapidILL_BOOK</setSpec><setSpec>uge_aobs_RapidILL_BOOK</setSpec><setSpec>uge_acar_RapidILL_BOOK</setSpec></header><metadata>
<record xmlns="http://www.loc.gov/MARC21/slim" xmlns:xsi="http://www.w3.org/2001/XMLSchema-instance" xsi:schemaLocation="http://www.loc.gov/MARC21/slim http://www.loc.gov/standards/marcxml/schema/MARC21slim.xsd"><leader>02646nam a2200625 c 4500</leader><controlfield tag="001">991000001289705502</controlfield><controlfield tag="005">20201229214919.0</controlfield><controlfield tag="008">201011s1999    gw ||||| |||| 00| ||ger d</controlfield><datafield ind1=" " ind2=" " tag="020"><subfield code="a">3932735323</subfield></datafield><datafield ind1=" " ind2=" " tag="035"><subfield code="a">(swissbib)218313233-41slsp_network</subfield></datafield><datafield ind1=" " ind2=" " tag="035"><subfield code="a">218313233</subfield><subfield code="9">ExL</subfield></datafield><datafield ind1=" " ind2=" " tag="035"><subfield code="a">(RERO)R003054287-41slsp</subfield></datafield><datafield ind1=" " ind2=" " tag="035"><subfield code="a">(NEBIS)003821605EBI01</subfield></datafield><datafield ind1=" " ind2=" " tag="035"><subfield code="a">(IDSBB)002007190DSV01</subfield></datafield><datafield ind1=" " ind2=" " tag="035"><subfield code="a">(EXLNZ-41SLSP_NETWORK)991035982539705501</subfield></datafield><datafield ind1=" " ind2=" " tag="040"><subfield code="a">RERO geuchr</subfield><subfield code="d">CH-ZuSLS</subfield></datafield><datafield ind1=" " ind2=" " tag="050"><subfield code="a">BX9419.L37</subfield><subfield code="b">J87 1999</subfield></datafield><datafield ind1=" " ind2=" " tag="050"><subfield code="a">BR350.L3</subfield><subfield code="b">J865 1999</subfield></datafield><datafield ind1=" " ind2="7" tag="072"><subfield code="a">ht</subfield><subfield code="2">rero</subfield></datafield><datafield ind1=" " ind2="7" tag="072"><subfield code="a">th</subfield><subfield code="2">SzZuIDS BS/BE</subfield></datafield><datafield ind1=" " ind2="7" tag="072"><subfield code="a">bb</subfield><subfield code="2">SzZuIDS BS/BE</subfield></datafield><datafield ind1="0" ind2="4" tag="082"><subfield code="a">027.1</subfield><subfield code="2">21</subfield></datafield><datafield ind1="1" ind2="4" tag="082"><subfield code="a">020</subfield><subfield code="2">15</subfield></datafield><datafield ind1=" " ind2=" " tag="084"><subfield code="a">BP 2300</subfield><subfield code="2">rvk</subfield></datafield><datafield ind1=" " ind2=" " tag="084"><subfield code="a">BW 14717</subfield><subfield code="2">rvk</subfield></datafield><datafield ind1="1" ind2=" " tag="100"><subfield code="a">Jürgens, Henning P.</subfield><subfield code="6">880-01</subfield></datafield><datafield ind1="1" ind2=" " tag="880"><subfield code="a">Jürgens, Henning P</subfield><subfield code="0">(RERO)A006466465</subfield><subfield code="6">100-01</subfield></datafield><datafield ind1="1" ind2="0" tag="245"><subfield code="a">Johannes a Lasco</subfield><subfield code="b">ein Leben in Büchern und Briefen : eine Ausstellung der Johannes a Lasco Bibliothek vom 15.10. bis 28.11.1999</subfield><subfield code="c">Henning P. Jürgens</subfield></datafield><datafield ind1=" " ind2="1" tag="264"><subfield code="a">Wuppertal</subfield><subfield code="b">Foedus-Verlag</subfield><subfield code="c">1999</subfield></datafield><datafield ind1=" " ind2=" " tag="300"><subfield code="a">148 p.</subfield><subfield code="b">ill.</subfield><subfield code="c">29 cm</subfield></datafield><datafield ind1=" " ind2=" " tag="336"><subfield code="b">txt</subfield><subfield code="2">rdacontent</subfield></datafield><datafield ind1=" " ind2=" " tag="337"><subfield code="b">n</subfield><subfield code="2">rdamedia</subfield></datafield><datafield ind1=" " ind2=" " tag="338"><subfield code="b">nc</subfield><subfield code="2">rdacarrier</subfield></datafield><datafield ind1="1" ind2=" " tag="490"><subfield code="a">Veröffentlichungen der Johannes a Lasco Bibliothek, Grosse Kirche, Emden</subfield><subfield code="v">1</subfield></datafield><datafield ind1=" " ind2=" " tag="520"><subfield code="a">Betr. Johannes a Lasco in Basel als Gast von Erasmus von Rotterdam (S. 22-31)</subfield></datafield><datafield ind1=" " ind2=" " tag="520"><subfield code="a">Betr. Johannes a Lasco in Basel als Gast von Erasmus von Rotterdam (S. 22-31)</subfield><subfield code="5">ubs-A115</subfield></datafield><datafield ind1="0" ind2="7" tag="600"><subfield code="a">Jean</subfield><subfield code="c">(de Lasco)</subfield><subfield code="0">(RERO)A010000273</subfield><subfield code="2">rero</subfield></datafield><datafield ind1="1" ind2="7" tag="600"><subfield code="a">Łaski, Jan</subfield><subfield code="2">idszbz</subfield></datafield><datafield ind1="1" ind2="0" tag="600"><subfield code="a">Łaski, Jan</subfield><subfield code="d">1499-1560</subfield></datafield><datafield ind1="1" ind2="7" tag="600"><subfield code="a">Laski, Jan</subfield><subfield code="x">Bibliothek</subfield><subfield code="v">Ausstellungskatalog</subfield><subfield code="2">idsbb</subfield></datafield><datafield ind1="1" ind2="7" tag="600"><subfield code="a">Łaski, Jan</subfield><subfield code="d">1499-1560</subfield><subfield code="0">(DE-588)118726633</subfield><subfield code="2">gnd</subfield></datafield><datafield ind1=" " ind2="0" tag="650"><subfield code="a">Reformation</subfield></datafield><datafield ind1=" " ind2="0" tag="650"><subfield code="a">Protestantism</subfield><subfield code="z">Poland</subfield><subfield code="x">History</subfield><subfield code="y">16th century</subfield></datafield><datafield ind1=" " ind2="7" tag="655"><subfield code="a">Ausstellung</subfield><subfield code="2">idszbz</subfield></datafield><datafield ind1=" " ind2="7" tag="655"><subfield code="a">Ausstellungskatalog</subfield><subfield code="2">gnd-content</subfield></datafield><datafield ind1=" " ind2="7" tag="655"><subfield code="a">Ausstellungskatalog</subfield><subfield code="z">Basel</subfield><subfield code="y">1999</subfield><subfield code="2">gnd-content</subfield></datafield><datafield ind1=" " ind2="7" tag="655"><subfield code="a">Ausstellungskatalog</subfield><subfield code="z">Emden</subfield><subfield code="y">1999</subfield><subfield code="2">gnd-content</subfield></datafield><datafield ind1=" " ind2=" " tag="690"><subfield code="a">Laski, Jan</subfield><subfield code="2">ubs-AC</subfield></datafield><datafield ind1=" " ind2=" " tag="690"><subfield code="a">Erasmus von Rotterdam</subfield><subfield code="2">ubs-AC</subfield></datafield><datafield ind1=" " ind2=" " tag="691"><subfield code="e">2.5.3.3.1</subfield><subfield code="2">ubs-FA</subfield></datafield><datafield ind1="2" ind2=" " tag="710"><subfield code="a">Johannes-a-Lasco-Bibliothek Grosse Kirche Emden</subfield><subfield code="0">(DE-588)108745980X</subfield></datafield><datafield ind1="2" ind2=" " tag="710"><subfield code="a">Reformierte Große Kirche</subfield><subfield code="g">Emden</subfield><subfield code="b">Johannes-a-Lasco-Bibliothek</subfield><subfield code="0">(DE-588)16278567-7</subfield></datafield><datafield ind1=" " ind2=" " tag="830"><subfield code="a">Veröffentlichungen der Johannes-a-Lasco-Bibliothek, Grosse Kirche Emden</subfield><subfield code="v">1</subfield><subfield code="w">(IDSBB)002007159DSV01</subfield></datafield><datafield ind1=" " ind2=" " tag="830"><subfield code="a">Veröffentlichungen der Johannes-a-Lasco-Bibliothek, Grosse Kirche Emden</subfield><subfield code="v">1</subfield><subfield code="w">(RERO)R003050947-41slsp</subfield></datafield><datafield ind1=" " ind2=" " tag="900"><subfield code="a">REROnoselfmerge</subfield></datafield><datafield ind1=" " ind2=" " tag="900"><subfield code="a">IDSZ2zbzmon200009f</subfield><subfield code="c">IDSZ2suse</subfield><subfield code="d">IDSZ2zbzswk200012b</subfield><subfield code="e">IDSZ2haag</subfield></datafield><datafield ind1=" " ind2=" " tag="993"><subfield code="a">MHR VL 71</subfield><subfield code="x">ge/mhr-/8653</subfield><subfield code="9">LOCAL</subfield></datafield></record>
</metadata></record>