<record><header><identifier>oai:alma.41SLSP_UGE:991000001599705502</identifier><datestamp>2023-03-01T01:09:00Z</datestamp><setSpec>uge_bcen_RapidILL_BOOK</setSpec><setSpec>uge_aaca_RapidILL_BOOK</setSpec><setSpec>uge_abels_RapidILL_BOOK</setSpec><setSpec>uge_dbu_RapidILL_BOOK</setSpec><setSpec>uge_cmu_RapidILL_BOOK</setSpec><setSpec>uge_mail_RapidILL_BOOK</setSpec><setSpec>UNIGE_ALL</setSpec><setSpec>uge_abbat_RapidILL_BOOK</setSpec><setSpec>uge_aobs_RapidILL_BOOK</setSpec><setSpec>uge_acar_RapidILL_BOOK</setSpec></header><metadata>
<record xmlns="http://www.loc.gov/MARC21/slim" xmlns:xsi="http://www.w3.org/2001/XMLSchema-instance" xsi:schemaLocation="http://www.loc.gov/MARC21/slim http://www.loc.gov/standards/marcxml/schema/MARC21slim.xsd"><leader>01177nam a2200301 c 4500</leader><controlfield tag="001">991000001599705502</controlfield><controlfield tag="005">20201231124333.0</controlfield><controlfield tag="008">201012s1972    sz            ||| | fre  </controlfield><datafield ind1="7" ind2=" " tag="024"><subfield code="a">http://catalogue.bnf.fr/ark:/12148/cb353205758</subfield><subfield code="2">uri</subfield></datafield><datafield ind1=" " ind2=" " tag="035"><subfield code="a">(swissbib)239398548-41slsp_network</subfield></datafield><datafield ind1=" " ind2=" " tag="035"><subfield code="a">239398548</subfield><subfield code="9">ExL</subfield></datafield><datafield ind1=" " ind2=" " tag="035"><subfield code="a">(NEBIS)007899657EBI01</subfield></datafield><datafield ind1=" " ind2=" " tag="035"><subfield code="a">(RERO)2064766-41slsp</subfield></datafield><datafield ind1=" " ind2=" " tag="035"><subfield code="a">(EXLNZ-41SLSP_NETWORK)991108786989705501</subfield></datafield><datafield ind1=" " ind2=" " tag="040"><subfield code="a">SzZuIDS NEBIS UZH</subfield><subfield code="d">CH-ZuSLS</subfield></datafield><datafield ind1=" " ind2="7" tag="072"><subfield code="a">fr</subfield><subfield code="2">rero</subfield></datafield><datafield ind1="1" ind2=" " tag="100"><subfield code="a">Rousseau, Jean-Jacques</subfield><subfield code="d">1712-1778</subfield><subfield code="0">(IDREF)028202368</subfield><subfield code="4">cre</subfield></datafield><datafield ind1="1" ind2="0" tag="245"><subfield code="a">Janvier - mars 1763</subfield></datafield><datafield ind1=" " ind2="1" tag="264"><subfield code="a">Banbury</subfield><subfield code="b">The Voltaire Foundation</subfield><subfield code="c">1972</subfield></datafield><datafield ind1=" " ind2=" " tag="300"><subfield code="a">XXVII, 414 S., Taf.</subfield><subfield code="b">Ill.</subfield></datafield><datafield ind1=" " ind2=" " tag="336"><subfield code="b">txt</subfield><subfield code="2">rdacontent</subfield></datafield><datafield ind1=" " ind2=" " tag="337"><subfield code="b">n</subfield><subfield code="2">rdamedia</subfield></datafield><datafield ind1=" " ind2=" " tag="338"><subfield code="b">nc</subfield><subfield code="2">rdacarrier</subfield></datafield><datafield ind1="1" ind2=" " tag="490"><subfield code="a">Correspondance complète de Jean Jacques Rousseau</subfield><subfield code="v">T. 15</subfield></datafield><datafield ind1="0" ind2=" " tag="490"><subfield code="a">Publications of the Voltaire Foundation</subfield></datafield><datafield ind1="1" ind2=" " tag="800"><subfield code="a">Rousseau, Jean-Jacques</subfield><subfield code="d">1712-1778</subfield><subfield code="t">Correspondance complète</subfield><subfield code="v">15</subfield></datafield><datafield ind1=" " ind2=" " tag="830"><subfield code="a">Publications of the Voltaire Foundation</subfield><subfield code="w">(RERO)0072093-41slsp</subfield></datafield><datafield ind1="1" ind2=" " tag="800"><subfield code="a">Rousseau, Jean-Jacques</subfield><subfield code="d">1712-1778</subfield><subfield code="t">Correspondance complète de Jean Jacques Rousseau</subfield><subfield code="v">15</subfield><subfield code="w">(NEBIS)007899521EBI01</subfield></datafield><datafield ind1=" " ind2=" " tag="900"><subfield code="a">REROnoselfmerge</subfield></datafield></record>
</metadata></record>