<record><header><identifier>oai:alma.41SLSP_UGE:991000001309705502</identifier><datestamp>2024-10-05T00:11:35Z</datestamp><setSpec>uge_bcen_RapidILL_BOOK</setSpec><setSpec>uge_aaca_RapidILL_BOOK</setSpec><setSpec>uge_abels_RapidILL_BOOK</setSpec><setSpec>uge_dbu_RapidILL_BOOK</setSpec><setSpec>uge_cmu_RapidILL_BOOK</setSpec><setSpec>uge_mail_RapidILL_BOOK</setSpec><setSpec>uge_abbat_RapidILL_BOOK</setSpec><setSpec>UNIGE_ALL</setSpec><setSpec>uge_acar_RapidILL_BOOK</setSpec><setSpec>uge_aobs_RapidILL_BOOK</setSpec></header><metadata>
<record xmlns="http://www.loc.gov/MARC21/slim" xmlns:xsi="http://www.w3.org/2001/XMLSchema-instance" xsi:schemaLocation="http://www.loc.gov/MARC21/slim http://www.loc.gov/standards/marcxml/schema/MARC21slim.xsd"><leader>01260nam a2200337 c 4500</leader><controlfield tag="001">991000001309705502</controlfield><controlfield tag="005">20241004181809.0</controlfield><controlfield tag="008">201011s1965    xxu||||| |||| 10| ||eng d</controlfield><datafield ind1=" " ind2=" " tag="019"><subfield code="a">SPI Retro 763960</subfield></datafield><datafield ind1=" " ind2=" " tag="035"><subfield code="a">(swissbib)229310206-41slsp_network</subfield></datafield><datafield ind1=" " ind2=" " tag="035"><subfield code="a">229310206</subfield><subfield code="9">ExL</subfield></datafield><datafield ind1=" " ind2=" " tag="035"><subfield code="a">(RERO)2175503-41slsp</subfield></datafield><datafield ind1=" " ind2=" " tag="035"><subfield code="a">(IDSBB)003545229DSV01</subfield></datafield><datafield ind1=" " ind2=" " tag="035"><subfield code="a">(NEBIS)000841780EBI01</subfield></datafield><datafield ind1=" " ind2=" " tag="035"><subfield code="a">(EXLNZ-41SLSP_NETWORK)991028688799705501</subfield></datafield><datafield ind1=" " ind2=" " tag="040"><subfield code="a">RERO geussc</subfield><subfield code="d">CH-ZuSLS</subfield></datafield><datafield ind1=" " ind2="7" tag="072"><subfield code="a">bi</subfield><subfield code="2">rero</subfield></datafield><datafield ind1="0" ind2="0" tag="245"><subfield code="a">Sensory receptors</subfield><subfield code="c">[ed. by Leonora Frisch]</subfield></datafield><datafield ind1=" " ind2="1" tag="264"><subfield code="a">Cold Spring Harbor</subfield><subfield code="b">Cold Spring Harbor Laboratory of Quantitative Biology</subfield><subfield code="c">1965 (cop. 1966)</subfield></datafield><datafield ind1=" " ind2=" " tag="300"><subfield code="a">XIV, 649 p.</subfield><subfield code="b">ill.</subfield><subfield code="c">28 cm</subfield></datafield><datafield ind1=" " ind2=" " tag="336"><subfield code="b">txt</subfield><subfield code="2">rdacontent</subfield></datafield><datafield ind1=" " ind2=" " tag="337"><subfield code="b">n</subfield><subfield code="2">rdamedia</subfield></datafield><datafield ind1=" " ind2=" " tag="338"><subfield code="b">nc</subfield><subfield code="2">rdacarrier</subfield></datafield><datafield ind1="1" ind2=" " tag="490"><subfield code="a">Cold Spring Harbor Symposia on quantitative biology</subfield><subfield code="v">vol. 30</subfield></datafield><datafield ind1=" " ind2=" " tag="690"><subfield code="a">Rezeptor / Kongresse, Konferenzen, Symposien</subfield><subfield code="2">uzb-Z9</subfield></datafield><datafield ind1="1" ind2=" " tag="700"><subfield code="a">Frisch, Leonora</subfield><subfield code="0">(RERO)A003265759</subfield></datafield><datafield ind1="2" ind2=" " tag="710"><subfield code="a">Cold Spring Harbor Laboratory</subfield><subfield code="b">Symposium</subfield><subfield code="n">30</subfield><subfield code="d">1965</subfield><subfield code="c">Cold Spring Harbor</subfield><subfield code="0">(RERO)A012314152</subfield></datafield><datafield ind1=" " ind2=" " tag="830"><subfield code="a">Cold Spring Harbor symposia on quantitative biology</subfield><subfield code="v">30</subfield><subfield code="w">(IDSBB)000080601DSV01</subfield></datafield><datafield ind1=" " ind2=" " tag="900"><subfield code="a">REROnoselfmerge</subfield></datafield><datafield ind1=" " ind2=" " tag="900"><subfield code="a">IDSERSPIdummy</subfield></datafield><datafield ind1=" " ind2=" " tag="900"><subfield code="a">IDSE1N25</subfield></datafield><datafield ind1=" " ind2=" " tag="900"><subfield code="a">IDSZRMedeaZBZ</subfield><subfield code="b">IDSZRZS-Signatur</subfield></datafield></record>
</metadata></record>