<record><header><identifier>oai:alma.41SLSP_UGE:991000001929705502</identifier><datestamp>2024-03-09T01:25:57Z</datestamp><setSpec>uge_bcen_RapidILL_BOOK</setSpec><setSpec>uge_aaca_RapidILL_BOOK</setSpec><setSpec>uge_abels_RapidILL_BOOK</setSpec><setSpec>uge_dbu_RapidILL_BOOK</setSpec><setSpec>uge_cmu_RapidILL_BOOK</setSpec><setSpec>uge_mail_RapidILL_BOOK</setSpec><setSpec>uge_abbat_RapidILL_BOOK</setSpec><setSpec>UNIGE_ALL</setSpec><setSpec>uge_acar_RapidILL_BOOK</setSpec><setSpec>uge_aobs_RapidILL_BOOK</setSpec></header><metadata>
<record xmlns="http://www.loc.gov/MARC21/slim" xmlns:xsi="http://www.w3.org/2001/XMLSchema-instance" xsi:schemaLocation="http://www.loc.gov/MARC21/slim http://www.loc.gov/standards/marcxml/schema/MARC21slim.xsd"><leader>06096nam a22010812c 4500</leader><controlfield tag="001">991000001929705502</controlfield><controlfield tag="005">20240308230538.0</controlfield><controlfield tag="008">201011t19861986sz ||||| |||| 00| ||ger d</controlfield><datafield ind1=" " ind2=" " tag="020"><subfield code="a">3258035628</subfield></datafield><datafield ind1=" " ind2=" " tag="035"><subfield code="a">(swissbib)221436596-41slsp_network</subfield></datafield><datafield ind1=" " ind2=" " tag="035"><subfield code="a">221436596</subfield><subfield code="9">ExL</subfield></datafield><datafield ind1=" " ind2=" " tag="035"><subfield code="a">(RERO)bv01131953-41slsp</subfield></datafield><datafield ind1=" " ind2=" " tag="035"><subfield code="a">(NEBIS)000350581EBI01</subfield></datafield><datafield ind1=" " ind2=" " tag="035"><subfield code="a">(RERO)0795066-41slsp</subfield></datafield><datafield ind1=" " ind2=" " tag="035"><subfield code="a">(IDSBB)000215262DSV01</subfield></datafield><datafield ind1=" " ind2=" " tag="035"><subfield code="a">(IDSLU)000019379ILU01</subfield></datafield><datafield ind1=" " ind2=" " tag="035"><subfield code="a">(IDSSG)000195076HSB01</subfield></datafield><datafield ind1=" " ind2=" " tag="035"><subfield code="a">(ABN)000132612ABN01</subfield></datafield><datafield ind1=" " ind2=" " tag="035"><subfield code="a">(ALEX)bv01131953</subfield></datafield><datafield ind1=" " ind2=" " tag="035"><subfield code="a">(EXLNZ-41SLSP_NETWORK)991016810279705501</subfield></datafield><datafield ind1=" " ind2=" " tag="040"><subfield code="a">RERO iftfla</subfield><subfield code="d">CH-ZuSLS</subfield></datafield><datafield ind1=" " ind2=" " tag="044"><subfield code="a">sz</subfield><subfield code="a">gw</subfield></datafield><datafield ind1=" " ind2="7" tag="072"><subfield code="a">dr</subfield><subfield code="2">rero</subfield></datafield><datafield ind1=" " ind2="7" tag="072"><subfield code="a">ss</subfield><subfield code="2">rero</subfield></datafield><datafield ind1=" " ind2="7" tag="072"><subfield code="a">ur</subfield><subfield code="2">rero</subfield></datafield><datafield ind1=" " ind2="7" tag="072"><subfield code="a">po</subfield><subfield code="2">SzZuIDS BS/BE</subfield></datafield><datafield ind1=" " ind2="7" tag="072"><subfield code="a">mm</subfield><subfield code="2">SzZuIDS BS/BE</subfield></datafield><datafield ind1=" " ind2="7" tag="072"><subfield code="a">060</subfield><subfield code="2">IDS LU</subfield></datafield><datafield ind1="0" ind2="0" tag="082"><subfield code="a">070.4/49609494</subfield><subfield code="2">20</subfield></datafield><datafield ind1="1" ind2="4" tag="082"><subfield code="a">320</subfield><subfield code="2">15</subfield></datafield><datafield ind1=" " ind2=" " tag="084"><subfield code="a">AP 26760</subfield><subfield code="2">rvk</subfield></datafield><datafield ind1=" " ind2=" " tag="084"><subfield code="a">MS 7950</subfield><subfield code="2">rvk</subfield></datafield><datafield ind1=" " ind2=" " tag="084"><subfield code="a">MS 7970</subfield><subfield code="2">rvk</subfield></datafield><datafield ind1="0" ind2="0" tag="245"><subfield code="a">Massenmedien und Kernenergie</subfield><subfield code="b">journalistische Berichterstattung über ein komplexes, zur Entscheidung anstehendes, polarisiertes Thema</subfield><subfield code="c">Ulrich Saxer, Heinz Gantenbein ... [et al.]</subfield></datafield><datafield ind1=" " ind2="1" tag="264"><subfield code="a">Bern [etc.]</subfield><subfield code="b">P. Haupt</subfield><subfield code="c">[1986]</subfield></datafield><datafield ind1=" " ind2="4" tag="264"><subfield code="c">© 1986</subfield></datafield><datafield ind1=" " ind2=" " tag="300"><subfield code="a">IX, 346 S.</subfield><subfield code="b">Ill., Tab.</subfield><subfield code="c">23 cm</subfield></datafield><datafield ind1=" " ind2=" " tag="336"><subfield code="b">txt</subfield><subfield code="2">rdacontent</subfield></datafield><datafield ind1=" " ind2=" " tag="337"><subfield code="b">n</subfield><subfield code="2">rdamedia</subfield></datafield><datafield ind1=" " ind2=" " tag="338"><subfield code="b">nc</subfield><subfield code="2">rdacarrier</subfield></datafield><datafield ind1="1" ind2=" " tag="490"><subfield code="a">Publikationen des Schweizerischen Nationalfonds aus den Nationalen Forschungsprogrammen</subfield><subfield code="v">Bd. 36</subfield></datafield><datafield ind1=" " ind2=" " tag="500"><subfield code="a">Arbeit im Rahmen des Nationalen Forschungsprogramms 6 &quot;Entscheidungsvorgänge in der schweizerischen Demokratie</subfield></datafield><datafield ind1="8" ind2=" " tag="520"><subfield code="a">Die vorliegende publizistikwissenschaftliche Untersuchung gibt Aufschluss darüber, wie die deutschschweizerischen Massenmedien mit dem komplexen, zur Entscheidung anstehenden, umstrittenen Thema &quot;Kernenergie&quot; fertig werden.Dieses stellt, im Rahmen der Energiepolitik, nicht nur die politischen Systeme vieler demokratischer Gesellschaften vor schwierige Probleme, sondern bildet auch eine Herausforderung für das publizistische Leistungsvermögen der Mediensysteme von Demokratien. Von diesen wird nämlich erwartet, dass sie politisch erhebliche Tatbestände auf eine solche Art öffentlich thematisieren, dass deren Komplexität von der Berichterstattung verständlich abgebildet wird. Ferner sollen sie die wichtigsten Meinungspositionen zu politischen Traktanden ausweisen und beurteilen und das Thema zudem als politische Entscheidungsmaterie strukturieren, über die dann der Souverän kompetent befinden können soll. Im Lichte dieser drei Erwartungen stellt das Traktandum Kernenergie seiner extremen Komplexität, seiner hohen Umstrittenheit und seiner schwierigen Entscheidbarkeit wegen eine publizistisch besonders schwer zu bewältigende Aufgabe dar</subfield><subfield code="5">RERO/Alexandria</subfield></datafield><datafield ind1=" " ind2="7" tag="650"><subfield code="a">Energie</subfield><subfield code="9">ger</subfield><subfield code="0">(RERO)jurivoc000006863ger</subfield><subfield code="2">jurivoc</subfield></datafield><datafield ind1=" " ind2="7" tag="650"><subfield code="a">Kernenergie</subfield><subfield code="9">ger</subfield><subfield code="0">(RERO)jurivoc000012680ger</subfield><subfield code="2">jurivoc</subfield></datafield><datafield ind1=" " ind2="7" tag="650"><subfield code="a">Medien</subfield><subfield code="9">ger</subfield><subfield code="0">(RERO)jurivoc000014784ger</subfield><subfield code="2">jurivoc</subfield></datafield><datafield ind1=" " ind2="7" tag="650"><subfield code="a">Berichterstattung</subfield><subfield code="0">(DE-588)4005709-4</subfield><subfield code="2">gnd</subfield></datafield><datafield ind1=" " ind2="7" tag="650"><subfield code="a">Inhaltsanalyse</subfield><subfield code="0">(DE-588)4027005-1</subfield><subfield code="2">gnd</subfield></datafield><datafield ind1=" " ind2="0" tag="650"><subfield code="a">Journalism, Technical</subfield><subfield code="z">Switzerland</subfield></datafield><datafield ind1=" " ind2="0" tag="650"><subfield code="a">Mass media</subfield><subfield code="z">Switzerland</subfield><subfield code="x">Psychological aspects</subfield></datafield><datafield ind1=" " ind2="0" tag="650"><subfield code="a">Nuclear energy</subfield><subfield code="x">Press coverage</subfield><subfield code="z">Switzerland</subfield></datafield><datafield ind1=" " ind2="0" tag="650"><subfield code="a">Nuclear industry</subfield><subfield code="x">Press coverage</subfield><subfield code="z">Switzerland</subfield></datafield><datafield ind1=" " ind2="0" tag="650"><subfield code="a">Television broadcasting of news</subfield><subfield code="x">Social aspects</subfield><subfield code="z">Switzerland</subfield></datafield><datafield ind1=" " ind2="7" tag="650"><subfield code="a">BERICHTERSTATTUNG (ZEITUNGSWESEN)</subfield><subfield code="9">ger</subfield><subfield code="0">(ETHUDK)000009337</subfield><subfield code="2">ethudk</subfield></datafield><datafield ind1=" " ind2="7" tag="650"><subfield code="a">KERNTECHNIK + KERNTECHNOLOGIE</subfield><subfield code="9">ger</subfield><subfield code="0">(ETHUDK)000027806</subfield><subfield code="2">ethudk</subfield></datafield><datafield ind1=" " ind2="7" tag="650"><subfield code="a">ZEITUNGSWESEN + PRESSE + ZEITUNGEN</subfield><subfield code="9">ger</subfield><subfield code="0">(ETHUDK)000009330</subfield><subfield code="2">ethudk</subfield></datafield><datafield ind1=" " ind2="7" tag="650"><subfield code="a">Énergie nucléaire</subfield><subfield code="0">(IDREF)027233219</subfield><subfield code="2">idref</subfield></datafield><datafield ind1=" " ind2="7" tag="650"><subfield code="a">1976-1980</subfield><subfield code="2">rero</subfield></datafield><datafield ind1=" " ind2="7" tag="650"><subfield code="a">Médias</subfield><subfield code="0">(IDREF)027237524</subfield><subfield code="2">idref</subfield></datafield><datafield ind1=" " ind2="7" tag="650"><subfield code="a">Kernenergie</subfield><subfield code="x">Gesellschaft</subfield><subfield code="z">Schweiz</subfield><subfield code="2">idsbb</subfield></datafield><datafield ind1=" " ind2="7" tag="650"><subfield code="a">Kernenergie</subfield><subfield code="x">Medien</subfield><subfield code="2">idsbb</subfield></datafield><datafield ind1=" " ind2="7" tag="650"><subfield code="a">Medien</subfield><subfield code="x">Kernenergie</subfield><subfield code="2">idsbb</subfield></datafield><datafield ind1=" " ind2="7" tag="650"><subfield code="a">Kernenergie</subfield><subfield code="0">(DE-588)4030318-4</subfield><subfield code="2">gnd</subfield></datafield><datafield ind1=" " ind2="7" tag="650"><subfield code="a">Kommunikationsforschung</subfield><subfield code="0">(DE-588)4114259-7</subfield><subfield code="2">gnd</subfield></datafield><datafield ind1=" " ind2="7" tag="650"><subfield code="a">Massenmedien</subfield><subfield code="0">(DE-588)4037877-9</subfield><subfield code="2">gnd</subfield></datafield><datafield ind1=" " ind2="7" tag="650"><subfield code="a">Öffentliche Meinung</subfield><subfield code="0">(DE-588)4043152-6</subfield><subfield code="2">gnd</subfield></datafield><datafield ind1=" " ind2="7" tag="651"><subfield code="a">Schweiz</subfield><subfield code="9">ger</subfield><subfield code="0">(RERO)jurivoc000019912ger</subfield><subfield code="2">jurivoc</subfield></datafield><datafield ind1=" " ind2="7" tag="651"><subfield code="a">Deutsche Schweiz</subfield><subfield code="0">(DE-588)4070352-6</subfield><subfield code="2">gnd</subfield></datafield><datafield ind1=" " ind2="7" tag="651"><subfield code="a">Suisse</subfield><subfield code="0">(IDREF)027249654</subfield><subfield code="2">idref</subfield></datafield><datafield ind1=" " ind2=" " tag="690"><subfield code="a">Kernenergie / Verhältnis zu einzelnen Faktoren</subfield><subfield code="2">uzb-Z9</subfield></datafield><datafield ind1=" " ind2=" " tag="690"><subfield code="a">Massenmedien / Verhältnis zu einzelnen Faktoren / 1985- ersch.</subfield><subfield code="2">uzb-Z9</subfield></datafield><datafield ind1=" " ind2=" " tag="690"><subfield code="a">Kommunikation</subfield><subfield code="2">uzb-VK</subfield></datafield><datafield ind1=" " ind2=" " tag="690"><subfield code="a">Umwelt</subfield><subfield code="2">uzb-VK</subfield></datafield><datafield ind1=" " ind2=" " tag="690"><subfield code="a">Schweiz</subfield><subfield code="2">uzb-VK</subfield></datafield><datafield ind1=" " ind2=" " tag="690"><subfield code="a">Schweiz</subfield><subfield code="2">uzb-UO</subfield></datafield><datafield ind1=" " ind2=" " tag="690"><subfield code="a">Massenmedien</subfield><subfield code="2">uzb-UO</subfield></datafield><datafield ind1=" " ind2=" " tag="690"><subfield code="a">Kernenergie</subfield><subfield code="2">uzb-UO</subfield></datafield><datafield ind1=" " ind2=" " tag="690"><subfield code="a">Berichterstattung</subfield><subfield code="2">uzb-UO</subfield></datafield><datafield ind1=" " ind2=" " tag="690"><subfield code="a">angewandte Inhaltsanalyse</subfield><subfield code="2">uzb-UO</subfield></datafield><datafield ind1=" " ind2=" " tag="690"><subfield code="a">Politik.</subfield><subfield code="2">uzb-UO</subfield></datafield><datafield ind1=" " ind2=" " tag="690"><subfield code="a">Katastrophen</subfield><subfield code="2">uzb-UO</subfield></datafield><datafield ind1=" " ind2=" " tag="690"><subfield code="a">Bestand: Bibliothek</subfield><subfield code="2">uzb-UO</subfield></datafield><datafield ind1=" " ind2=" " tag="690"><subfield code="a">Massenmedien, B: Berichterstattung: Kernenergie. Schweiz</subfield><subfield code="2">rzs-L1</subfield></datafield><datafield ind1=" " ind2=" " tag="690"><subfield code="a">Journalistik. Schweiz, B: Berichterstattung: Kernenergie</subfield><subfield code="2">rzs-L1</subfield></datafield><datafield ind1=" " ind2=" " tag="690"><subfield code="a">Kernenergie. Schweiz, B: Berichterstattung: Massenmedien</subfield><subfield code="2">rzs-L1</subfield></datafield><datafield ind1=" " ind2=" " tag="690"><subfield code="a">Energiepolitik. Schweiz, B: Kernenergie: Berichterstattung: Massenmedien</subfield><subfield code="2">rzs-L1</subfield></datafield><datafield ind1="1" ind2=" " tag="700"><subfield code="a">Gantenbein, Heinz</subfield><subfield code="0">(RERO)A012750145</subfield></datafield><datafield ind1="1" ind2=" " tag="700"><subfield code="a">Gollmer, Martin</subfield><subfield code="0">(RERO)A003306625</subfield></datafield><datafield ind1="1" ind2=" " tag="700"><subfield code="a">Saxer, Ulrich</subfield><subfield code="d">1931-2012</subfield><subfield code="0">(DE-588)138571457</subfield><subfield code="6">880-04</subfield></datafield><datafield ind1="1" ind2=" " tag="880"><subfield code="6">700-04</subfield><subfield code="a">Saxer, Ulrich</subfield><subfield code="d">1931-....</subfield><subfield code="0">(IDREF)055808034</subfield></datafield><datafield ind1="2" ind2=" " tag="710"><subfield code="a">Schweizerischer Nationalfonds zur Förderung der Wissenschaftlichen Forschung</subfield><subfield code="b">Nationales Forschungsprogramm Entscheidungsvorgänge in der Schweizerischen Demokratie</subfield><subfield code="0">(DE-588)601404-5</subfield></datafield><datafield ind1=" " ind2="0" tag="830"><subfield code="a">Publikationen des Schweizerischen Nationalfonds aus den nationalen Forschungsprogrammen</subfield><subfield code="v">36</subfield><subfield code="w">(RERO)0115914-41slsp</subfield></datafield><datafield ind1=" " ind2="0" tag="830"><subfield code="a">Publikationen des Schweizerischen Nationalfonds aus den Nationalen Forschungsprogrammen</subfield><subfield code="v">36</subfield><subfield code="w">(IDSBB)000105075DSV01</subfield></datafield><datafield ind1=" " ind2="0" tag="830"><subfield code="a">Publikationen des Schweizerischen Nationalfonds aus den nationalen Forschungsprogrammen</subfield><subfield code="v">36</subfield><subfield code="w">(NEBIS)000011143EBI01</subfield></datafield></record>
</metadata></record>