<record><header><identifier>oai:alma.41SLSP_UGE:991000001409705502</identifier><datestamp>2023-03-01T01:09:00Z</datestamp><setSpec>uge_bcen_RapidILL_BOOK</setSpec><setSpec>uge_aaca_RapidILL_BOOK</setSpec><setSpec>uge_abels_RapidILL_BOOK</setSpec><setSpec>uge_dbu_RapidILL_BOOK</setSpec><setSpec>uge_cmu_RapidILL_BOOK</setSpec><setSpec>uge_mail_RapidILL_BOOK</setSpec><setSpec>UNIGE_ALL</setSpec><setSpec>uge_abbat_RapidILL_BOOK</setSpec><setSpec>uge_aobs_RapidILL_BOOK</setSpec><setSpec>uge_acar_RapidILL_BOOK</setSpec></header><metadata>
<record xmlns="http://www.loc.gov/MARC21/slim" xmlns:xsi="http://www.w3.org/2001/XMLSchema-instance" xsi:schemaLocation="http://www.loc.gov/MARC21/slim http://www.loc.gov/standards/marcxml/schema/MARC21slim.xsd"><leader>01151nam a2200337 c 4500</leader><controlfield tag="001">991000001409705502</controlfield><controlfield tag="005">20210207172922.0</controlfield><controlfield tag="008">201008s1928    fr ||||| |||| 10| ||fre d</controlfield><datafield ind1="7" ind2=" " tag="024"><subfield code="a">http://catalogue.bnf.fr/ark:/12148/cb33321206k</subfield><subfield code="2">uri</subfield></datafield><datafield ind1=" " ind2=" " tag="035"><subfield code="a">(swissbib)106084461-41slsp_network</subfield></datafield><datafield ind1=" " ind2=" " tag="035"><subfield code="a">106084461</subfield><subfield code="9">ExL</subfield></datafield><datafield ind1=" " ind2=" " tag="035"><subfield code="a">(RERO)R004596718-41slsp</subfield></datafield><datafield ind1=" " ind2=" " tag="035"><subfield code="a">(EXLNZ-41SLSP_NETWORK)991055713909705501</subfield></datafield><datafield ind1=" " ind2=" " tag="040"><subfield code="a">SZ-GeWHO</subfield><subfield code="d">CH-ZuSLS</subfield></datafield><datafield ind1=" " ind2="4" tag="060"><subfield code="a">WA 30</subfield></datafield><datafield ind1=" " ind2="7" tag="072"><subfield code="a">me</subfield><subfield code="2">rero</subfield></datafield><datafield ind1="0" ind2="0" tag="245"><subfield code="a">Congrès international d'hygiène et cinquantenaire de la Société de médecine publique, Paris, Institut Pasteur, 25-28 octobre 1927</subfield><subfield code="b">compte rendu et rapports</subfield></datafield><datafield ind1=" " ind2="1" tag="264"><subfield code="a">Paris</subfield><subfield code="b">Le Mouvement Sanitaire</subfield><subfield code="c">1928?</subfield></datafield><datafield ind1=" " ind2=" " tag="300"><subfield code="a">341 p</subfield></datafield><datafield ind1=" " ind2=" " tag="336"><subfield code="b">txt</subfield><subfield code="2">rdacontent</subfield></datafield><datafield ind1=" " ind2=" " tag="337"><subfield code="b">n</subfield><subfield code="2">rdamedia</subfield></datafield><datafield ind1=" " ind2=" " tag="338"><subfield code="b">nc</subfield><subfield code="2">rdacarrier</subfield></datafield><datafield ind1=" " ind2="2" tag="650"><subfield code="a">Anniversaries and Special Events</subfield></datafield><datafield ind1=" " ind2="2" tag="650"><subfield code="a">Hygiene</subfield></datafield><datafield ind1=" " ind2="2" tag="650"><subfield code="a">Military Hygiene</subfield></datafield><datafield ind1=" " ind2="2" tag="650"><subfield code="a">Public Health</subfield></datafield><datafield ind1=" " ind2="2" tag="650"><subfield code="a">Smallpox</subfield></datafield><datafield ind1=" " ind2="2" tag="651"><subfield code="a">France</subfield></datafield><datafield ind1=" " ind2="2" tag="655"><subfield code="a">Congress</subfield></datafield><datafield ind1="2" ind2=" " tag="710"><subfield code="a">Société de médecine publique (France)</subfield><subfield code="0">(RERO)A003843525</subfield></datafield><datafield ind1="2" ind2=" " tag="711"><subfield code="a">Congrès international d'Hygiène</subfield><subfield code="d">1927</subfield><subfield code="c">Paris</subfield><subfield code="0">(IDREF)243741316</subfield></datafield><datafield ind1=" " ind2=" " tag="900"><subfield code="a">REROnoselfmerge</subfield></datafield><datafield ind1=" " ind2=" " tag="990"><subfield code="a">donomshim</subfield><subfield code="9">LOCAL</subfield></datafield></record>
</metadata></record>