<record><header><identifier>oai:alma.41SLSP_UGE:991000001819705502</identifier><datestamp>2023-03-01T01:09:00Z</datestamp><setSpec>uge_bcen_RapidILL_BOOK</setSpec><setSpec>uge_aaca_RapidILL_BOOK</setSpec><setSpec>uge_abels_RapidILL_BOOK</setSpec><setSpec>uge_dbu_RapidILL_BOOK</setSpec><setSpec>uge_cmu_RapidILL_BOOK</setSpec><setSpec>uge_mail_RapidILL_BOOK</setSpec><setSpec>UNIGE_ALL</setSpec><setSpec>uge_abbat_RapidILL_BOOK</setSpec><setSpec>uge_aobs_RapidILL_BOOK</setSpec><setSpec>uge_acar_RapidILL_BOOK</setSpec></header><metadata>
<record xmlns="http://www.loc.gov/MARC21/slim" xmlns:xsi="http://www.w3.org/2001/XMLSchema-instance" xsi:schemaLocation="http://www.loc.gov/MARC21/slim http://www.loc.gov/standards/marcxml/schema/MARC21slim.xsd"><leader>01262nam a2200385 c 4500</leader><controlfield tag="001">991000001819705502</controlfield><controlfield tag="005">20220517143151.0</controlfield><controlfield tag="008">201012s1967    xxk||||| |||| 00| ||lat d</controlfield><datafield ind1=" " ind2=" " tag="035"><subfield code="a">(swissbib)241983347-41slsp_network</subfield></datafield><datafield ind1=" " ind2=" " tag="035"><subfield code="a">241983347</subfield><subfield code="9">ExL</subfield></datafield><datafield ind1=" " ind2=" " tag="035"><subfield code="a">(RERO)0376368-41slsp</subfield></datafield><datafield ind1=" " ind2=" " tag="035"><subfield code="a">(IDSBB)000587092DSV01</subfield></datafield><datafield ind1=" " ind2=" " tag="035"><subfield code="a">(NEBIS)008950651EBI01</subfield></datafield><datafield ind1=" " ind2=" " tag="035"><subfield code="a">(EXLNZ-41SLSP_NETWORK)991080954579705501</subfield></datafield><datafield ind1=" " ind2=" " tag="040"><subfield code="a">RERO</subfield><subfield code="d">CH-ZuSLS</subfield></datafield><datafield ind1=" " ind2="7" tag="072"><subfield code="a">la</subfield><subfield code="2">rero</subfield></datafield><datafield ind1=" " ind2="7" tag="072"><subfield code="a">ha</subfield><subfield code="2">rero</subfield></datafield><datafield ind1=" " ind2="7" tag="072"><subfield code="a">kp</subfield><subfield code="2">SzZuIDS BS/BE</subfield></datafield><datafield ind1="1" ind2=" " tag="080"><subfield code="a">871TACI7Agr</subfield></datafield><datafield ind1="1" ind2=" " tag="100"><subfield code="a">Tacite</subfield><subfield code="d">0055?-0120?</subfield><subfield code="0">(IDREF)026672316</subfield><subfield code="4">cre</subfield></datafield><datafield ind1="1" ind2="0" tag="240"><subfield code="a">Agricola</subfield></datafield><datafield ind1="1" ind2="0" tag="245"><subfield code="a">De vita Agricolae</subfield><subfield code="c">ed. by R.M. Ogilvie and Ian Richmond</subfield></datafield><datafield ind1=" " ind2="1" tag="264"><subfield code="a">Oxford</subfield><subfield code="b">at the Clarendon Press</subfield><subfield code="c">1967</subfield></datafield><datafield ind1=" " ind2=" " tag="300"><subfield code="a">XII, 344 p.</subfield><subfield code="c">21 cm</subfield></datafield><datafield ind1=" " ind2=" " tag="336"><subfield code="b">txt</subfield><subfield code="2">rdacontent</subfield></datafield><datafield ind1=" " ind2=" " tag="337"><subfield code="b">n</subfield><subfield code="2">rdamedia</subfield></datafield><datafield ind1=" " ind2=" " tag="338"><subfield code="b">nc</subfield><subfield code="2">rdacarrier</subfield></datafield><datafield ind1=" " ind2=" " tag="500"><subfield code="a">With commentary</subfield></datafield><datafield ind1=" " ind2="4" tag="655"><subfield code="a">Kommentar</subfield></datafield><datafield ind1="1" ind2=" " tag="700"><subfield code="a">Tacitus, Cornelius</subfield><subfield code="d">55-120</subfield><subfield code="0">(DE-588)118620452</subfield></datafield><datafield ind1="1" ind2=" " tag="700"><subfield code="a">Richmond, Ian Archibald</subfield><subfield code="d">1902-1965</subfield><subfield code="0">(RERO)A003744118</subfield></datafield><datafield ind1="1" ind2="2" tag="700"><subfield code="a">Tacitus, Publius Cornelius</subfield><subfield code="t">Agricola</subfield></datafield><datafield ind1="1" ind2=" " tag="700"><subfield code="6">880-01</subfield><subfield code="a">Ogilvie, Robert Maxwell</subfield><subfield code="d">1932-1981</subfield><subfield code="0">(IDREF)028498496</subfield></datafield><datafield ind1="1" ind2=" " tag="880"><subfield code="a">Ogilvie, R. M.</subfield><subfield code="d">1932-1981</subfield><subfield code="6">700-01/(B</subfield><subfield code="0">(DE-588)129763322</subfield></datafield><datafield ind1=" " ind2=" " tag="900"><subfield code="a">REROnoselfmerge</subfield></datafield><datafield ind1=" " ind2=" " tag="900"><subfield code="f">IDSU2medea</subfield></datafield></record>
</metadata></record>