<record><header><identifier>oai:alma.41SLSP_UGE:991000001299705502</identifier><datestamp>2023-11-20T01:27:15Z</datestamp><setSpec>uge_bcen_RapidILL_BOOK</setSpec><setSpec>uge_aaca_RapidILL_BOOK</setSpec><setSpec>uge_abels_RapidILL_BOOK</setSpec><setSpec>uge_dbu_RapidILL_BOOK</setSpec><setSpec>uge_cmu_RapidILL_BOOK</setSpec><setSpec>uge_mail_RapidILL_BOOK</setSpec><setSpec>uge_abbat_RapidILL_BOOK</setSpec><setSpec>UNIGE_ALL</setSpec><setSpec>uge_acar_RapidILL_BOOK</setSpec><setSpec>uge_aobs_RapidILL_BOOK</setSpec></header><metadata>
<record xmlns="http://www.loc.gov/MARC21/slim" xmlns:xsi="http://www.w3.org/2001/XMLSchema-instance" xsi:schemaLocation="http://www.loc.gov/MARC21/slim http://www.loc.gov/standards/marcxml/schema/MARC21slim.xsd"><leader>01773nam a2200433 c 4500</leader><controlfield tag="001">991000001299705502</controlfield><controlfield tag="005">20230129185353.0</controlfield><controlfield tag="008">201012s1970    it ||||| |||| 00| ||ita d</controlfield><datafield ind1=" " ind2=" " tag="035"><subfield code="a">(swissbib)240707338-41slsp_network</subfield></datafield><datafield ind1=" " ind2=" " tag="035"><subfield code="a">240707338</subfield><subfield code="9">ExL</subfield></datafield><datafield ind1=" " ind2=" " tag="035"><subfield code="a">(RERO)1696999-41slsp</subfield></datafield><datafield ind1=" " ind2=" " tag="035"><subfield code="a">(SBT)000045680SBT01</subfield></datafield><datafield ind1=" " ind2=" " tag="035"><subfield code="a">(NEBIS)003908276EBI01</subfield></datafield><datafield ind1=" " ind2=" " tag="035"><subfield code="a">(EXLNZ-41SLSP_NETWORK)991058186959705501</subfield></datafield><datafield ind1=" " ind2=" " tag="040"><subfield code="a">RERO tibrlm</subfield><subfield code="d">CH-ZuSLS</subfield></datafield><datafield ind1=" " ind2="7" tag="072"><subfield code="a">hg</subfield><subfield code="2">rero</subfield></datafield><datafield ind1="0" ind2="4" tag="082"><subfield code="a">907</subfield></datafield><datafield ind1="0" ind2="4" tag="082"><subfield code="a">907.202</subfield></datafield><datafield ind1="1" ind2=" " tag="100"><subfield code="a">Miccoli, Giovanni</subfield><subfield code="0">(RERO)A003591010</subfield><subfield code="4">cre</subfield></datafield><datafield ind1="1" ind2="0" tag="245"><subfield code="a">Delio Cantimori</subfield><subfield code="b">la ricerca di una nuova critica storiografica</subfield><subfield code="c">Giovanni Miccoli</subfield></datafield><datafield ind1=" " ind2="1" tag="264"><subfield code="a">Torino</subfield><subfield code="b">Einaudi</subfield><subfield code="c">1970</subfield></datafield><datafield ind1=" " ind2=" " tag="300"><subfield code="a">420 p.</subfield><subfield code="c">19 cm</subfield></datafield><datafield ind1=" " ind2=" " tag="336"><subfield code="b">txt</subfield><subfield code="2">rdacontent</subfield></datafield><datafield ind1=" " ind2=" " tag="337"><subfield code="b">n</subfield><subfield code="2">rdamedia</subfield></datafield><datafield ind1=" " ind2=" " tag="338"><subfield code="b">nc</subfield><subfield code="2">rdacarrier</subfield></datafield><datafield ind1="1" ind2=" " tag="490"><subfield code="a">Piccola biblioteca Einaudi</subfield><subfield code="v">133</subfield></datafield><datafield ind1=" " ind2=" " tag="500"><subfield code="a">In appendice l'elenco dei corsi e dei seminari e la bibliografia degli scritti</subfield></datafield><datafield ind1=" " ind2=" " tag="504"><subfield code="a">Bibliogr. degli scritti di Delio Cantimori / a cura di Leandro Perini e di John A. Tedeschi : p. 375-412</subfield></datafield><datafield ind1="0" ind2=" " tag="505"><subfield code="a">Corsi e seminari di Delio Cantimori (1935-66) / a cura di Giovanni Miccoli e Leandro Perini</subfield></datafield><datafield ind1="1" ind2="7" tag="600"><subfield code="a">Cantimori, Delio</subfield><subfield code="c">historien</subfield><subfield code="d">1904-1966</subfield><subfield code="0">(IDREF)029699991</subfield><subfield code="2">idref</subfield></datafield><datafield ind1=" " ind2="7" tag="650"><subfield code="a">cours (enseignement)</subfield><subfield code="0">(RERO)A010069722</subfield><subfield code="2">rerovoc</subfield></datafield><datafield ind1=" " ind2="7" tag="650"><subfield code="a">1935-1966</subfield><subfield code="2">rero</subfield></datafield><datafield ind1=" " ind2="7" tag="655"><subfield code="a">Bibliographie</subfield><subfield code="0">(IDREF)027229386</subfield><subfield code="2">idref</subfield></datafield><datafield ind1=" " ind2="7" tag="655"><subfield code="a">Répertoires</subfield><subfield code="0">(IDREF)028662180</subfield><subfield code="2">idref</subfield></datafield><datafield ind1=" " ind2=" " tag="690"><subfield code="a">Historiker / Biographisches / Einzelnes / 1970- erschienen</subfield><subfield code="2">uzb-Z9</subfield></datafield><datafield ind1=" " ind2=" " tag="691"><subfield code="e">907.202</subfield><subfield code="a">Storici e storiografi</subfield><subfield code="2">usi-TE</subfield></datafield><datafield ind1="1" ind2=" " tag="700"><subfield code="a">Perini, Leandro</subfield><subfield code="c">historien</subfield><subfield code="0">(IDREF)030726409</subfield></datafield><datafield ind1=" " ind2="0" tag="830"><subfield code="a">Piccola biblioteca Einaudi</subfield><subfield code="v">133</subfield><subfield code="w">(SBT)000002197SBT01</subfield></datafield><datafield ind1=" " ind2="0" tag="830"><subfield code="a">Piccola Biblioteca</subfield><subfield code="p">Einaudi</subfield><subfield code="v">133</subfield><subfield code="w">(RERO)0338092-41slsp</subfield></datafield><datafield ind1=" " ind2=" " tag="900"><subfield code="a">REROnoselfmerge</subfield></datafield><datafield ind1=" " ind2=" " tag="993"><subfield code="a">BFLA 185299</subfield><subfield code="x">ge/ulit/a/FLs 11986</subfield><subfield code="9">LOCAL</subfield></datafield></record>
</metadata></record><resumptionToken>1900-01-01@all@UNIGE_ALL@marc21@5986480220005502</resumptionToken></ListRecords></OAI-PMH>